3226 5520
221 478 244 539 4
595 454 803 524 LECTORI
836 452 1028 522 EDITOR

226 665 353 750 Hyona
363 664 480 746 caesia
491 663 676 731 Walasrido
687 661 861 741 Strabone,
872 660 944 746 ejus
955 669 1243 745 contemporaneo,
1256 660 1390 724 metrice

223 769 388 854 scriptam.

268 874 368 941 Solus
395 873 539 940 Sanctus
565 872 688 939 Scotiae
719 872 902 937 Hodiernae
930 871 1025 954 cujus
1053 871 1166 947 vitam,
1197 889 1388 954 quanquam

223 977 404 1042 certissime
427 977 595 1060 scriptam,
610 997 677 1040 non
702 976 815 1060 reperi,
832 984 883 1039 est
906 974 1116 1053 Wallenus¹;
1138 974 1180 1037 de
1203 992 1270 1055 quo
1285 971 1390 1037 Visch

223 1082 257 1145 in
274 1081 480 1146 Bibliotheca
495 1080 631 1148 Ordinis
646 1080 872 1147 Cisterciensis
888 1079 1060 1165 sequentia
1074 1077 1197 1142 habet:

266 1185 487 1268 '‘Joscelinus,
511 1185 660 1250 Fumesii
687 1185 721 1250 in
746 1185 873 1270 Anglia
896 1184 1020 1249 ordinis
1045 1183 1179 1250 Cisterc.
1207 1180 1389 1246 monachus

221 1290 352 1374 scripsit
367 1290 530 1374 insignem
556 1289 726 1354 historiam
743 1290 785 1353 de
808 1290 877 1354 vita
892 1298 926 1354 et
941 1287 1106 1353 miraculis
1125 1286 1219 1351 Beati
1235 1285 1389 1364 Walleni,

221 1394 368 1460 Abbatis
384 1393 597 1459 Mel-rosensis
613 1395 645 1458 in
663 1393 786 1471 Scotia,
801 1392 929 1458 duobus
947 1392 1037 1458 libris
1052 1392 1243 1456 distinctam
1256 1411 1264 1468 ;
1286 1409 1387 1472 quam

220 1498 387 1564 dedicavit
414 1498 585 1564 Willelmo
610 1496 695 1582 Regi
723 1496 855 1576 Scotiae,
873 1507 908 1562 et
932 1496 1131 1561 Alexandro
1157 1493 1225 1557 filio
1247 1493 1327 1576 ejus,
1349 1512 1388 1556 ac

222 1601 345 1668 Comiti
374 1601 497 1681 David,
522 1601 555 1665 in
582 1602 644 1686 ipsi
672 1602 826 1667 Walleno
852 1601 1013 1686 sanguine
1039 1599 1170 1686 junctis.
1231 1598 1388 1662 Testatur

221 1716 342 1784 autem,
358 1707 392 1771 in
409 1706 548 1790 prologo
563 1706 605 1771 ad
621 1707 745 1771 dictam
761 1706 941 1784 historiam,
956 1726 991 1770 se
1006 1704 1092 1770 hanc
1106 1703 1275 1789 scripsisse
1292 1702 1386 1785 jussu

223 1810 363 1888 Patricii‚
395 1809 607 1875 Melrosensis
636 1809 802 1889 Abbatis;
840 1810 987 1893 nihilque
1021 1808 1169 1893 posuisse
1198 1806 1288 1890 quod
1319 1825 1385 1869 non

222 1914 367 1979 hauserit
381 1916 424 1980 ab
440 1914 504 1979 illis
528 1915 584 1998 qui
599 1914 759 1980 viderunt
817 1914 1074 1998 chrysostomus
1095 1913 1285 1996 Henriquez
1300 1910 1386 1994 ejus·

221 2019 298 2083 dem
309 2018 453 2083 Walleni
465 2019 567 2082 vitam
581 2017 681 2082 aliam
693 2017 806 2082 haberi
819 2018 1077 2102 manuscriptam
1090 2018 1206 2082 asserit
1219 2017 1251 2080 in
1268 2016 1387 2081 Rubea

221 2122 327 2202 Valle,
344 2123 534 2188 Brabantiae
550 2122 758 2200 monasterio,
774 2123 994 2205 conscriptam
1017 2142 1076 2205 per
1096 2121 1281 2185 Antonium
1298 2119 1385 2185 Gen·

221 2227 314 2306 tium,
330 2248 431 2311 quam
447 2228 519 2310 ipse
534 2227 773 2310 transcripserit
789 2227 822 2290 in
840 2226 1012 2291 Fasciculo
1027 2246 1095 2304 suo,
1112 2225 1164 2291 lib.
1182 2225 1221 2303 ii,
1236 2225 1309 2289 dist.
1328 2226 1387 2303 26,

222 2351 292 2414 cap.
311 2332 358 2412 58.
413 2331 480 2398 Sed
503 2331 605 2395 vitam
629 2330 714 2394 hanc
738 2330 817 2394 nihil
834 2331 922 2395 aliud
948 2350 1019 2393 esse
1034 2349 1135 2412 quam
1151 2329 1385 2411 compendium

222 2433 367 2498 historiae
404 2434 559 2517 Joscelini
590 2443 678 2499 recte
715 2436 887 2501 annotavit
917 2434 1154 2500 illustrissImus
1192 2433 1386 2516 Mauriquez

223 2538 332 2603 Tomo
351 2538 395 2602 ll.
440 2538 623 2604 Annalium
646 2538 922 2618 cisterciensium,
937 2541 979 2604 ad
999 2560 1123 2605 annum
1144 2542 1234 2617 1160,
1249 2558 1319 2622 cap.
1336 2539 1386 2616 iv,

222 2663 252 2708 n.
268 2658 298 2724 7,
313 2644 369 2726 qui
385 2643 509 2708 dictam
533 2643 671 2726 Jocelini
687 2643 858 2709 historiam
881 2645 969 2728 apud
986 2665 1021 2709 se
1039 2643 1140 2708 habet
1156 2643 1228 2709 MS.
1244 2663 1385 2727 eamque

221 2748 361 2831 sparsim
376 2748 550 2813 annalibus
566 2749 633 2813 suis
648 2749 823 2814 inseruit''²

268 2852 306 2915 ln
321 2851 391 2916 vita
406 2851 549 2929 Edithae,
564 2852 698 2935 virginis
713 2852 847 2936 Anglae,
863 2852 988 2935 Edgari
1005 2852 1108 2936 Regis
1127 2851 1212 2930 filiae,
1227 2871 1315 2916 anno
1331 2851 1383 2916 cir.

221 2957 285 3036 987
301 2965 451 3034 mortuae,
466 2957 555 3039 apud
572 2955 705 3022 Surium
718 2958 781 3022 sub
792 2958 846 3022 die
863 2959 901 3021 16
912 2956 1126 3040 Septembris,
1138 2957 1209 3020 haec
1222 2956 1385 3021 habentur

131 3054 138 3069 '
221 3059 263 3123 de
287 3059 433 3142 quodam
461 3059 586 3126 Sancto
611 3061 838 3145 Juvio,³cujus
866 3082 927 3125 nec
953 3081 1073 3125 nomen
1102 3062 1236 3144 quidem
1263 3063 1383 3127 alicubi

221 3164 334 3246 reperi.
379 3163 523 3231 “Clerici
551 3165 717 3230 Pictorum
746 3167 777 3230 in
805 3187 904 3249 capsa
928 3165 1201 3230 circumferebant
1231 3176 1382 3231 sanctum

221 3267 441 3332 consessorem
458 3268 615 3351 Juvium;
638 3280 738 3352 atque
753 3270 786 3333 in
808 3279 932 3333 sanctae
956 3270 1090 3352 virginis
1108 3270 1262 3333 coenobio
1279 3267 1381 3356 [apud

221 3372 443 3457 Wintoniam]
459 3373 637 3438 honorifice
657 3375 810 3457 suscepti,
826 3375 858 3437 in
883 3374 978 3437 altari
994 3374 1100 3437 beatae
1125 3374 1258 3437 Edithae
1275 3395 1383 3438 sacras

220 3476 374 3558 reliquais
399 3478 630 3560 deposuerunt.
687 3478 838 3562 Cumque
865 3479 942 3542 inde
966 3480 1116 3541 recedere
1138 3478 1270 3555 vellent,
1288 3488 1383 3543 tanto

220 3580 368 3664 pondere
383 3581 528 3664 reliquiae
552 3581 618 3646 illae
641 3583 735 3646 altari
749 3584 915 3661 inhaesere,
930 3591 968 3646 ut
992 3583 1083 3646 nulla
1105 3584 1232 3647 ratione
1247 3592 1383 3666 possent

221 3685 374 3750 amoveri.
442 3687 577 3751 Plorant
607 3687 706 3770 igitur
735 3689 881 3765 advenae,
911 3688 1045 3771 ejulant,
1075 3697 1182 3751 vestes
1219 3688 1383 3766 scindunt,

219 3788 357 3873 capillos
392 3789 554 3854 vellicant.
621 3791 772 3855 Tandem
803 3811 837 3855 re
870 3792 1053 3874 desperata,
1083 3793 1222 3875 receptis
1252 3792 1382 3856 duobus

252 4109 261 4136 ¹
277 4096 353 4147 Extat
364 4103 448 4148 umen
460 4097 568 4148 maxima
579 4113 609 4148 ex
621 4105 691 4163 parte
702 4098 769 4164 apud
782 4099 933 4161 Fordunum,
947 4100 991 4152 lib.
1005 4100 1038 4151 vi.
1052 4117 1125 4167 capp.
1142 4111 1229 4166 1-35,
1242 4100 1285 4150 ubi
1297 4107 1381 4150 tamen

217 4176 360 4230 Walthesus
370 4180 518 4244 appellatur,
534 4181 599 4231 male
609 4181 676 4245 apud
690 4180 809 4230 Keithum
822 4181 847 4231 in
860 4181 916 4233 Cat.
931 4183 1014 4248 Episc.
1029 4183 1162 4236 Walterus.

250 4277 360 4329 ²Visch.
375 4277 441 4329 Bibl.
456 4279 518 4330 Ord
532 4279 636 4331 Cisterc.
651 4280 706 4331 Col.
721 4281 769 4345 Ag.
787 4280 855 4345 1656,
869 4289 920 4344 410,
932 4299 957 4347 p.
972 4296 1026 4345 2²4

251 4390 263 4428 3
277 4376 371 4426 Forsan
392 4375 467 4426 lwius
482 4376 522 4427 vel
540 4377 633 4436 llwius,
648 4377 673 4429 S.
688 4378 819 4429 cuthberti
836 4379 979 4446 discipulus,
994 4383 1064 4447 cujus
1080 4384 1200 4435 memoria
1218 4386 1295 4437 etiam
1314 4389 1381 4452 apud

218 4456 436 4522 Northanymbros
447 4457 582 4508 colebatur.
608 4459 724 4509 Mortuus
736 4467 774 4510 est
784 4460 850 4511 circa
859 4474 916 4513 run.
929 4472 984 4525 704.
1009 4464 1142 4530 Rosweyde
1150 4467 1223 4517 Fasti
1231 4469 1380 4519 Sanctorum

216 4539 274 4593 Oct.
288 4537 312 4588 ⁶.
347 4539 413 4591 vide
428 4539 478 4591 rte
488 4539 598 4606 English
609 4541 788 4610 Mmmlogy,
805 4543 875 4606 1608,
889 4543 946 4607 8vo,
960 4562 984 4611 p.
999 4556 1054 4612 271.
