3226 5520
606 490 918 558 COLUMBAE.
1287 508 1345 574 107

178 703 304 772 vantes,
329 704 408 759 ante
435 693 523 758 beati
553 706 768 778 conspectum
799 696 859 760 viri
888 696 1069 780 deponunt
1129 695 1197 780 Qui
1224 699 1350 775 statim,

178 798 279 860 verbo
295 797 359 861 Dei
375 817 395 861 a
411 797 536 863 Sancto
551 819 611 881 per
625 799 837 882 interpretem
854 811 996 883 recepto,
1008 801 1154 879 credens,
1169 801 1212 866 ab
1229 804 1346 866 eodem

179 901 367 984 baptizatus
393 911 452 978 est,
474 911 508 965 et
534 912 611 985 post
636 903 773 986 expleta
800 903 1033 987 baptizationis
1059 905 1231 984 misteria‚³
1253 907 1348 971 sicuti

179 1004 322 1069 Sanctus
363 1004 612 1088 prophetizavit,
649 1008 767 1070 eodem
805 1006 839 1070 in
871 1007 945 1071 loco
981 1021 1221 1091 consequenter
1257 1010 1348 1086 obiit,

180 1109 370 1191 ibidemque
406 1110 495 1188 socii,
524 1119 685 1193 congesto
714 1110 862 1194 lapidum
900 1131 1018 1176 acervo
1047 1113 1219 1196 sepeliunt
1279 1112 1348 1197 Qui

178 1211 345 1295 hodieque
359 1213 393 1275 in
412 1232 471 1277 ora
485 1214 629 1279 cernitur
651 1215 839 1293 maritima;
863 1215 1046 1299 fluviusque
1061 1218 1210 1300 ejusdem
1228 1218 1290 1281 loci
1315 1218 1347 1281 in

179 1335 247 1398 quo
257 1317 345 1379 idem
356 1316 523 1400 baptisma
532 1328 713 1400 acceperat,
723 1339 767 1381 ex
779 1319 914 1383 nomine
924 1320 1004 1403 ejus,
1016 1321 1133 1384 Dobur
1144 1320 1348 1386 Artbranani

178 1439 283 1503 usque
299 1420 332 1483 in
348 1421 545 1485 hodiernum
561 1421 753 1487 nominatus
767 1422 866 1500 diem,
882 1424 924 1487 ab
940 1424 1061 1487 accolis
1076 1425 1248 1491 vocitatur.

527 1812 554 1878 C
568 1812 600 1877 A
615 1813 640 1876 P
654 1812 686 1878 U
699 1813 730 1877 T
768 1813 800 1876 X
812 1813 844 1876 X
859 1813 891 1876 X
906 1813 976 1879 IV.

344 1985 396 2050 De
418 1986 570 2051 novacula
592 1994 814 2050 transmutata
838 1987 957 2052 Sancto
971 1986 1180 2070 proea'piente.

180 2156 279 2223 ALIO
301 2159 335 2222 in
359 2168 510 2243 tempore
531 2169 623 2223 trans
644 2158 824 2223 Britanniae
848 2157 1014 2223 Dorsum¹
1034 2158 1096 2224 iter
1111 2178 1223 2241 agens,
1238 2158 1352 2242 aliquo

181 2262 214 2325 in
231 2262 369 2326 desertis
384 2262 494 2327 viculo
509 2262 625 2346 agellis
641 2272 779 2346 reperto,
796 2261 920 2327 ibidem
935 2263 1036 2346 juxta
1052 2262 1191 2346 alicujus
1207 2264 1351 2347 margin·

181 2385 234 2429 em
266 2366 361 2431 rivuli
391 2377 570 2451 stagnum²
596 2367 757 2445 intrantis,
792 2367 936 2433 Sanctus
973 2368 1178 2432 mansionem
1218 2367 1352 2446 iaciens,

181 2473 298 2535 eadem
340 2483 438 2536 nocte
482 2473 693 2551 dormientes,
733 2471 936 2555 semisopore
980 2472 1167 2553 degustato,
1211 2472 1351 2537 suscitat

181 2576 328 2654 comites,
343 2576 480 2641 dicens:
503 2577 611 2654 Nunc,
634 2595 731 2655 nunc,
753 2573 992 2647 celeriusforas
1015 2585 1186 2653 exeuntes,
1201 2586 1349 2640 nostram

180 2699 282 2762 quam
309 2680 396 2745 ultra
422 2681 528 2746 rivum
555 2681 764 2746 naviculam³
788 2680 945 2764 posuistis
973 2681 1006 2743 in
1034 2681 1136 2744 domo
1162 2680 1227 2745 huc
1253 2681 1351 2745 citius

179 2783 343 2864 advehite,
365 2794 399 2849 et
430 2785 462 2848 in
492 2784 649 2849 viciniore
679 2784 880 2850 domuncula
909 2784 1032 2869 ponite.
1092 2781 1159 2866 Qui
1189 2783 1352 2848 continuo

182 2887 383 2964 obedientes,
414 2888 498 2953 sicut
527 2899 731 2972 praeceptum
762 2897 821 2965 est,
851 2887 1018 2952 lecerunt:
1056 2886 1200 2970 ipsisque
1230 2888 1349 2952 iterum

180 2992 435 3075 quiescentibus,
472 2993 617 3058 Sanctus
654 3002 730 3077 post
766 2993 936 3076 quoddam
968 2990 1176 3056 intervallum
1215 2991 1351 3057 silenter

182 3095 396 3160 Diormitium
412 3096 533 3180 pulsat,
550 3096 723 3179 inquiens:
748 3095 846 3160 Nunc
861 3106 954 3160 stans
973 3105 1070 3159 extra
1085 3095 1223 3160 domum
1240 3094 1352 3178 aspice

180 3199 261 3281 quid
284 3199 317 3262 in
341 3199 399 3263 illo
424 3201 534 3283 agitur
557 3200 675 3278 viculo,
699 3199 755 3264 ubi
780 3200 870 3282 prius
892 3209 1059 3264 vestram⁴
1080 3198 1238 3282 posuistis
1261 3199 1352 3263 navi·

181 3304 298 3369 culam.
356 3304 424 3388 Qui
442 3306 557 3372 Sancti
582 3316 749 3390 praecepto
771 3304 958 3382 obsecutus,
973 3305 1110 3368 domum
1127 3305 1303 3386 egreditur,
1319 3313 1353 3370 et

181 3410 358 3492 respiciens
385 3410 477 3475 videt
504 3412 614 3474 vicum
646 3410 780 3475 flamma
810 3419 962 3474 vastante
988 3419 1098 3474 totum
1128 3409 1353 3474 concremari:

182 3533 397 3598 reversusque
438 3516 481 3579 ad
524 3515 685 3581 Sanctum
727 3516 816 3598 quod
861 3514 984 3578 ibidem
1025 3514 1187 3596 agebatur
1232 3513 1352 3579 retulit

182 3618 326 3683 Sanctus
342 3619 481 3702 proinde
504 3619 659 3684 fratribus
674 3621 717 3684 de
731 3618 878 3702 quodam
895 3619 1039 3683 narravit
1054 3618 1176 3682 aemulo
1199 3637 1351 3701 persecu·

182 3731 253 3785 tore
269 3722 326 3804 qui
342 3723 476 3786 easdem
493 3724 614 3786 domus
628 3723 745 3786 eadem
763 3722 953 3785 incenderat
969 3731 1074 3785 nocte.

214 3957 268 4006 ³1³.
284 3957 351 4007 Cott.
388 3957 533 4018 ministeris,
548 3959 582 4009 A.

215 4038 435 4089 ¹Druna-Bremia
455 4055 483 4089 or
503 4040 584 4089 Drum
595 4039 689 4100 Alban,
708 4040 752 4091 the
762 4037 837 4091 chain
854 4039 884 4089 os
896 4038 1039 4090 mountaine
1056 4037 1193 4104 stretebing
1208 4054 1292 4089 ecroee
1312 4037 1355 4089 tbe

182 4129 298 4185 country,
312 4121 455 4187 separeting
472 4121 614 4173 Perthsbire
631 4121 694 4172 lrom
711 4121 872 4188 Argyleebire
882 4122 933 4172 end
946 4120 1105 4187 temiueung
1122 4120 1148 4172 lu
1163 4120 1206 4173 tbe
1224 4121 1284 4172 Em
1296 4136 1356 4172 ueer

183 4202 353 4254 Stouebeveu.
713 4219 724 4245 ²
738 4205 792 4256 Not
803 4211 844 4270 yet
856 4203 994 4254 identified.

214 4297 226 4335 ³
241 4287 260 4311 ‘⁴
270 4287 294 4338 Α
306 4286 419 4346 currech,
433 4286 523 4348 vbicb,
537 4287 613 4352 being
630 4288 704 4338 mede
715 4286 745 4337 ol
758 4286 931 4337 vicker-work
942 4285 1049 4336 covered
1062 4284 1122 4335 trith
1133 4283 1201 4346 bide,
1218 4301 1268 4335 was
1279 4283 1356 4350 easily

183 4367 287 4418 umen.
323 4369 379 4419 Tbe
398 4369 462 4420 river
479 4385 560 4420 seem
577 4378 604 4420 to
621 4369 685 4420 beve
702 4370 766 4420 been
777 4385 810 4419 uu
824 4368 1021 4419 inconsidereble
1037 4383 1093 4428 oue,
1112 4383 1140 4417 es
1157 4366 1199 4418 tbe
1216 4381 1357 4432 masenger

181 4451 282 4501 croued
302 4450 321 4502 it
344 4467 377 4501 on
400 4451 460 4512 ioot.
486 4452 569 4504 unless
592 4468 629 4503 ve
652 4453 771 4518 interpret
794 4452 864 4501 ultra
885 4467 913 4501 es
935 4450 1053 4515 meaning
1076 4449 1191 4516 ‘having
1214 4446 1357 4501 croued.'''

185 4532 288 4583 Reeres.
325 4534 373 4584 See
385 4534 428 4584 tbe
441 4534 496 4584 Liie
507 4534 536 4583 oi
544 4536 582 4586 St.
597 4533 702 4596 Ninon,
715 4551 737 4586 c.
755 4546 794 4595 10,
807 4543 875 4585 uote.

215 4619 274 4666 οΑ.
314 4627 433 4676 mtrem,
449 4617 477 4667 B.
