3226 5520
645 490 956 561 COLUMBAE.

638 884 841 952 CAPUT
879 885 955 950 Xl.

216 1091 268 1156 De
297 1092 484 1175 angelomm
513 1093 713 1175 apparitione
740 1103 932 1170 sanctorum,
961 1113 1039 1175 quos
1070 1103 1200 1157 sanctus
1231 1091 1384 1159 Columba

302 1196 409 1260 obvim
438 1198 473 1259 in
504 1197 646 1261 transitu
677 1196 807 1260 vaderet
834 1196 921 1261 beati
947 1196 1113 1260 Brendeni
1140 1197 1267 1273 anime,
1293 1195 1385 1260 e'llius

303 1300 491 1364 monasterii
495 1300 691 1382 fundatoris
704 1300 791 1383 quod
805 1299 940 1365 Scottice
953 1299 1058 1364 Birra
1073 1309 1282 1383 numpaeur.

217 1470 316 1536 ALIA
341 1472 456 1537 itidem
481 1474 544 1550 die,
563 1475 643 1538 dum
668 1473 717 1537 vir
740 1474 947 1536 venerandus
971 1473 1004 1536 in
1031 1473 1114 1536 lona
1137 1483 1385 1537 conversaretur

217 1576 333 1653 insula,
349 1596 447 1640 mane
468 1578 576 1660 primo
591 1598 687 1641 suum
712 1578 853 1642 advocat
869 1597 959 1660 saepe
982 1587 1200 1642 memoratum
1221 1576 1384 1641 ministra·

218 1687 323 1742 torem
352 1679 567 1744 Diormitium
598 1681 742 1756 nomine,
768 1681 864 1763 eique
895 1681 1053 1764 praecipit,
1080 1681 1253 1763 inquiens:
1283 1681 1386 1747 Sacra

217 1781 366 1846 celeriter
396 1782 614 1846 Eucharistiae
648 1784 829 1847 ministeria
858 1794 1091 1867 praeparentur.
1154 1784 1266 1847 Hodie
1295 1786 1384 1848 enim

219 1885 339 1950 natalis
379 1887 468 1951 beati
511 1887 675 1951 Brendeni
717 1889 795 1951 dies.
866 1888 987 1972 Quare,
1024 1888 1072 1952 ait
1112 1888 1269 1965 minister,
1305 1889 1386 1952 talia

218 1991 392 2053 missarum
434 1992 596 2054 solemnia
636 1990 796 2055 hodierna
836 1992 1012 2075 praeparari
1054 1992 1231 2075 praecipis?
1276 1992 1386 2056 nullus

218 2096 306 2158 enim
323 2096 365 2159 ad
383 2115 443 2158 nos
458 2098 501 2160 de
517 2095 630 2161 Scotia
646 2097 751 2160 sancti
767 2096 854 2159 illius
868 2097 928 2159 viri
947 2096 1058 2160 obitus
1074 2096 1223 2179 pervenit
1238 2097 1385 2161 nuncius.

218 2199 315 2264 Vade
331 2209 411 2276 tum,
427 2201 474 2264 ait
491 2200 642 2278 Sanctus,
660 2220 742 2263 meae
757 2200 983 2264 obsecundare
998 2200 1138 2284 jussioni
1154 2201 1263 2264 debes.
1311 2201 1386 2265 Hac

218 2303 307 2367 enim
339 2313 436 2367 nocte
466 2303 634 2386 praeterita
662 2303 730 2367 vidi
761 2303 872 2367 subito
909 2315 1060 2387 apertum
1091 2304 1223 2382 coelum,
1252 2305 1386 2388 angelo-

219 2426 358 2489 rumque
381 2406 499 2470 choros
525 2408 784 2471 innumerorum¹
808 2409 914 2472 sancti
938 2407 1104 2473 Brendeni
1126 2410 1248 2473 animae
1271 2409 1388 2473 obvios

219 2511 443 2590 descendere;
479 2531 619 2594 quorum
650 2511 815 2576 luminosa
844 2523 878 2577 et
909 2513 1159 2597 incomparabili
1193 2513 1389 2581 claritudine

220 2625 310 2680 totus
325 2616 444 2680 eadem
459 2616 541 2681 hora
555 2616 737 2682 illustratus
752 2627 803 2682 est
820 2618 935 2682 muudi
951 2617 1047 2683 orbis

632 3072 832 3140 CAPUT
870 3074 977 3138 Xll.

220 3280 273 3347 De
286 3281 474 3365 angelomm
490 3281 612 3345 vosone
626 3290 817 3358 sanctourm,
833 3281 892 3364 qui
911 3280 1018 3346 sancti
1040 3279 1232 3347 Columbani
1249 3281 1389 3367 apocopi,

417 3385 514 3450 Mocu
530 3384 653 3471 Loigse,
668 3386 816 3450 anienem
831 3386 880 3449 ad
890 3386 999 3450 coelum
1014 3396 1194 3452 evexerant.

223 3574 391 3659 Quanam
423 3575 537 3640 itidem
568 3575 631 3653 die,
660 3576 740 3640 dum
773 3574 897 3654 fratres,
928 3594 963 3640 se
992 3575 1188 3654 calceantes,
1218 3595 1316 3642 mane
1346 3577 1389 3640 ad

222 3681 353 3744 diversa
367 3680 558 3744 monasterii
574 3700 675 3763 opera
698 3681 744 3744 ire
766 3691 1000 3764 praepararent,
1015 3680 1194 3746 Sanctuse
1217 3690 1333 3745 contra
1350 3699 1390 3744 ea

223 3786 278 3850 dic
293 3785 388 3849 otiari
408 3784 566 3868 praecipit,
582 3805 748 3868 sacraequc
771 3785 949 3850 oblationis
972 3786 1132 3870 obsequia
1155 3785 1342 3869 praeparari,
1357 3794 1391 3850 et

223 3889 378 3972 aliquam,
415 3891 509 3974 quasi
547 3890 581 3953 in
627 3890 814 3969 Dominico,
851 3889 1015 3974 prandioli
1053 3890 1275 3973 adjectionem
1312 3888 1389 3954 fieri

224 3993 356 4077 Meque,
380 3994 435 4070 ait,
457 3994 565 4071 hodie,
591 3992 774 4077 quamlibet
799 3994 954 4078 indignus
978 3995 1050 4071 sim,
1072 3994 1117 4057 ob
1142 3993 1389 4058 venerationem

224 4098 310 4162 illius
326 4099 456 4175 animae,
471 4118 546 4181 quae
563 4098 624 4162 hac
640 4098 673 4161 in
691 4107 788 4162 nocte
803 4098 888 4163 inter
911 4110 1043 4162 sanctos
1059 4098 1252 4182 angelorum
1273 4097 1391 4162 choros

223 4211 327 4280 vecta,
354 4202 440 4267 ultra
465 4203 593 4267 siderea
617 4201 777 4266 coelorum
804 4202 912 4285 spatia
938 4204 980 4267 ad
1008 4202 1207 4286 paradisum,
1233 4203 1392 4280 ascendit,

224 4326 317 4369 sacra
340 4316 472 4390 oportet
496 4305 714 4373 Eucharistiae
740 4306 904 4370 celebrare
927 4307 1093 4391 mysteria
1151 4307 1195 4372 Et
1219 4305 1270 4371 his
1293 4306 1392 4372 dictis

260 4576 376 4633 ιαμ.
