3226 5520
630 521 777 592 VITA
814 521 1119 590 II.-L1BER
1157 521 1185 589 1.

699 916 774 984 CA
787 917 812 981 P
826 915 904 983 UT
942 916 974 980 X
984 915 1019 981 V
1030 916 1045 981 1
1058 915 1074 982 1
1089 915 1117 982 l.

535 1087 588 1153 De
609 1086 773 1154 Labrano
797 1087 998 1166 Ortholano,¹
1015 1086 1142 1153 mine
1161 1095 1277 1153 sancto.

323 1256 398 1324 VIR
420 1257 537 1324 beatus
560 1258 740 1342 quemdam
763 1259 805 1324 de
828 1258 895 1322 suis
918 1258 1117 1323 monachum
1140 1257 1274 1323 nomine
1289 1256 1497 1338 Trenanum,

323 1373 423 1446 gente
441 1362 655 1440 Mocuruntir,
671 1361 819 1446 legatum
835 1363 878 1427 ad
895 1361 1043 1429 Scotiam
1064 1361 1157 1426 exire
1172 1362 1317 1446 quadam
1340 1361 1497 1447 praecipit

322 1467 384 1532 die.
430 1465 508 1551 Qui,
522 1467 666 1532 hominis
690 1467 754 1532 Dei
769 1466 946 1532 obsecutus
966 1466 1115 1552 jussioni,
1130 1466 1377 1551 navigationem
1395 1474 1496 1551 parat

323 1571 461 1637 festinus
477 1594 485 1652 ;
507 1592 677 1656 unumque
692 1571 755 1636 sibi
771 1573 886 1636 deesse
902 1572 1128 1656 navigatorem
1144 1590 1256 1636 coram
1272 1570 1397 1637 Sancto
1411 1588 1495 1654 que·
1516 1560 1526 1575 '

323 1676 412 1741 ritur.
472 1675 616 1743 Sanctus
642 1674 714 1740 baec
740 1686 988 1760 consequenter,
1018 1675 1126 1740 eidem
1156 1676 1369 1760 respondens,
1397 1694 1496 1739 sacro

323 1780 447 1864 promit
476 1780 519 1846 de
548 1788 682 1863 pectore
711 1781 820 1858 verba,
850 1780 985 1846 dicens:
1024 1779 1181 1859 Nautam,
1211 1800 1310 1864 quem
1333 1779 1393 1845 tibi
1423 1797 1495 1844 non

322 1885 432 1952 adhuc
458 1885 643 1970 suppetisse
666 1885 758 1964 dicis,
773 1903 861 1949 nunc
885 1884 1032 1949 invenire
1055 1904 1122 1950 non
1146 1903 1291 1969 possum.
1335 1883 1433 1949 Vade
1457 1882 1493 1947 in

323 2010 425 2075 pace:
447 2010 621 2075 usquequo
636 1988 679 2054 ad
704 1988 901 2055 Hiberniam
924 1990 1106 2073 pervenias,
1127 2008 1304 2073 prosperos
1326 1997 1362 2054 et
1375 2006 1494 2053 secun·

324 2097 386 2160 dos
408 2094 546 2160 habebis
570 2093 676 2158 flatus
723 2091 981 2177 Quemdamque
1006 2091 1142 2158 obvium
1167 2091 1295 2159 videbis
1321 2091 1494 2158 hominem

324 2198 455 2264 eminus
470 2216 692 2276 occursurum,
707 2197 764 2281 qui
779 2197 906 2282 primus
928 2217 997 2280 prae
1019 2197 1138 2263 ceteris
1159 2198 1253 2263 navis
1275 2216 1409 2282 proram
1424 2205 1496 2263 tuae

323 2302 451 2368 tenebit
477 2301 511 2365 in
536 2300 659 2380 Scotia,
684 2299 738 2365 hic
763 2301 826 2366 erit
851 2320 963 2366 comes
989 2301 1038 2366 tui
1067 2300 1192 2366 itineris
1221 2320 1281 2385 per
1305 2299 1433 2385 aliquot
1456 2299 1494 2365 in

326 2404 490 2471 Hibernia
504 2405 599 2486 dies;
621 2414 720 2489 teque
742 2404 820 2469 inde
842 2413 1061 2471 revertentem
1086 2405 1129 2471 ad
1144 2424 1207 2469 nos
1228 2424 1335 2490 usque
1353 2403 1495 2470 comita·

323 2510 420 2589 bitur,
435 2510 485 2575 vir
500 2530 520 2575 a
536 2509 612 2574 Deo
626 2508 760 2587 electus,
774 2510 831 2592 qui
847 2508 881 2574 in
903 2507 967 2574 hoc
990 2530 1066 2575 meo
1090 2509 1290 2575 monasterio
1310 2528 1370 2593 per
1391 2528 1496 2577 omne

325 2614 487 2698 reliquum
503 2624 636 2699 tempus
647 2612 733 2680 bene
747 2613 1002 2680 conversabitur.
1044 2613 1135 2699 Quid
1150 2613 1271 2698 plura?
1309 2611 1496 2693 Trenanus,

324 2719 490 2803 accipiens
519 2739 540 2785 a
570 2718 696 2786 Sancto
732 2717 1007 2797 benedictionem,
1037 2717 1145 2802 plenis
1181 2716 1263 2782 velis
1292 2735 1351 2801 per
1379 2715 1496 2782 omnia

324 2823 540 2889 transmeavit
552 2823 672 2889 maria:
687 2831 729 2902 et,
740 2843 826 2901 ecce,
837 2822 1118 2906 appropinquanti
1130 2823 1172 2888 ad
1184 2829 1319 2906 portum
1330 2819 1496 2886 naviculae

325 2928 504 2993 Laisranus
528 2927 728 3006 Mocumoie,
742 2927 838 2992 citior
859 2927 987 3004 ceteris,
1001 2927 1151 3005 occurrit,
1171 2934 1329 3010 tenetque
1351 2945 1495 3009 proram.

326 3032 447 3098 Nautae
462 3043 704 3118 recognoscunt
719 3033 828 3117 ipsum
844 3052 916 3097 esse
931 3033 973 3096 de
988 3050 1056 3115 quo
1072 3030 1216 3098 Sanctus
1230 3031 1439 3115 praedixerat

727 3451 798 3519 CA
812 3452 837 3517 P
849 3452 883 3521 U
896 3452 927 3516 T
965 3453 998 3517 X
1011 3452 1025 3516 Ι
1039 3452 1086 3517 Χ.

463 3621 516 3687 De
536 3630 600 3686 ceto
622 3641 741 3705 magno
761 3621 848 3706 quod
868 3621 1010 3688 Sanctus
1022 3621 1195 3706 presciens
1215 3619 1351 3687 dixerat.

323 3791 494 3876 QUADAM
510 3793 573 3871 die,
588 3812 664 3858 cum
687 3792 738 3857 vir
758 3793 955 3859 venerabilis
970 3794 1003 3857 in
1028 3793 1112 3858 lona
1127 3793 1354 3858 demoraretur
1377 3791 1496 3873 insula,

321 3896 458 3980 quidam
497 3893 605 3972 irater,
643 3895 810 3960 Berachus
848 3898 991 3975 nomine,
1028 3896 1070 3961 ad
1111 3896 1265 3961 Ethicam
1302 3914 1494 3979 proponens

322 3999 486 4064 insulam²
504 4000 668 4083 navigare,
684 4001 726 4064 ad
751 4000 912 4066 Sanctum
930 4021 1027 4065 mane
1043 4001 1211 4078 accedens,
1227 4000 1270 4064 ab
1285 4019 1326 4064 eo
1341 3998 1493 4064 benedici

356 4247 366 4275 1
383 4234 545 4293 Hortuluno;
562 4233 642 4297 styled
654 4233 680 4283 iu
692 4233 734 4284 the
746 4234 793 4284 last
805 4233 856 4284 line
867 4234 911 4284 but
923 4249 979 4292 one,
994 4232 1144 4284 Mocumoie.

353 4331 365 4357 ²
380 4317 436 4366 The
447 4316 529 4365 island
541 4315 570 4366 os
583 4315 665 4365 Tiree.
702 4317 821 4366 Ethicam
841 4317 862 4366 is
881 4332 913 4366 an
931 4317 1054 4382 adjective
1074 4315 1191 4381 agreeing
1208 4314 1269 4364 with
1286 4314 1406 4374 imulare,
1421 4320 1466 4362 not
1477 4328 1494 4362 a

320 4398 484 4449 substantive.
527 4398 613 4448 Below
631 4413 668 4447 ve
685 4397 749 4447 have
764 4398 855 4447 Ethics'
865 4400 958 4464 pelagi.
1001 4399 1024 4449 11
1044 4399 1117 4448 isan
1137 4397 1287 4462 appelative,
1307 4397 1424 4446 observes
1444 4395 1491 4446 Dr.

322 4481 427 4541 Remos,
442 4479 538 4530 formed
550 4479 614 4530 from
625 4480 664 4529 eth
677 4495 705 4530 ot
717 4481 763 4541 itt,
778 4495 845 4540 corn,
860 4479 910 4530 and
927 4480 1037 4546 signifies
1053 4480 1137 4530 tritici
1145 4481 1233 4544 ferax,
1253 4479 1295 4529 the
1313 4478 1395 4528 island
1406 4477 1490 4542 being,

320 4579 347 4613 as
360 4561 462 4613 Fordun
474 4562 599 4613 describes
610 4561 638 4623 it,
655 4564 673 4589 ‘⁴
682 4562 764 4613 insula
781 4561 823 4611 ubi
840 4562 927 4613 bordei
945 4578 1037 4629 magna
1052 4560 1154 4629 copiast
1184 4559 1308 4612 Astchain
1319 4560 1370 4611 and
1381 4560 1493 4626 Campus

321 4644 409 4710 Lange
420 4658 486 4696 vere
496 4642 604 4696 situsted
615 4643 641 4695 in
654 4642 698 4697 tbe
709 4642 801 4696 Ethlos
812 4652 886 4697 terra.
