3226 5520
274 480 317 542 62
674 467 678 474 ’
782 479 929 545 VITA

274 683 388 767 procul
415 684 526 750 subito
551 685 710 750 retardati
742 686 878 770 propius
903 686 1060 751 accedere
1085 706 1153 752 non
1179 685 1340 770 permissi,
1361 685 1441 770 quia

275 786 442 851 Dominus
457 789 547 872 quod
563 789 645 853 mihi
668 797 807 872 rogante
821 790 959 854 donavit
974 790 1008 854 in
1023 790 1086 855 hac
1100 791 1155 856 die
1170 788 1249 870 fieri,
1260 790 1440 855 multarum

275 890 486 956 ecclesiarum
502 913 563 977 pro
578 912 633 956 me
643 892 810 957 orationes
821 893 1015 972 exaudiens,
1026 894 1117 959 dicto
1128 894 1224 959 citius
1236 894 1441 958 immutavit:

274 995 394 1076 quibus
408 996 533 1061 scilicet
548 996 694 1061 ecclesiis
709 997 935 1076 exorantibus,
946 998 993 1062 sic
1007 1019 1029 1062 a
1044 999 1194 1063 Domino
1203 1000 1365 1064 donatum
1380 1007 1441 1077 est,

272 1106 309 1160 ut
324 1107 466 1180 quatuor
481 1099 525 1163 ab
539 1098 602 1162 hac
624 1100 678 1164 die
701 1100 779 1163 anni
802 1100 970 1165 addantur
992 1100 1072 1164 mihi
1095 1101 1129 1164 in
1151 1120 1251 1166 carne
1272 1098 1438 1165 manendi

277 1199 362 1264 Haec
377 1222 457 1285 ergo
472 1203 652 1267 retardatio
675 1223 775 1267 causa
795 1203 876 1267 mihi
899 1205 1067 1269 moestitiae
1089 1203 1159 1268 fuit
1204 1204 1335 1289 Quibus
1349 1203 1440 1268 vide·

274 1302 351 1367 licet
365 1314 508 1386 quatuor
522 1306 617 1370 annis
634 1307 817 1371 terminatis
838 1307 949 1373 subita
963 1308 1181 1392 emigratione
1194 1310 1239 1374 ad
1254 1307 1439 1373 Dominum

273 1405 370 1472 laetus
384 1409 563 1493 emigrabo

658 1831 861 1900 CAPUT
899 1831 1057 1898 XVII.

394 2021 519 2087 Mortis
531 2042 598 2086 sua
610 2021 905 2106 horampradrbit;
926 2031 960 2086 et
971 2021 1125 2105 Hyonam
1139 2021 1311 2089 benedrbiv

276 2212 492 2279 SECUNDUM
514 2211 586 2276 haec
608 2232 689 2296 ergo
710 2212 811 2276 verba
832 2211 882 2275 vir
904 2211 968 2275 Dei
990 2219 1133 2295 quatuor
1152 2210 1248 2275 annis
1265 2220 1382 2295 postea
1405 2213 1439 2278 in

274 2337 373 2380 carne
388 2317 482 2392 vixit,
505 2316 625 2399 quibus
649 2317 824 2380 transactis
847 2316 992 2398 quadam
1013 2315 1077 2392 die,
1091 2334 1205 2380 mense
1229 2315 1322 2379 Maio
1346 2317 1440 2381 senio

274 2418 380 2484 lessus
402 2420 616 2503 plaustroque
645 2430 769 2498 vectus,
793 2421 964 2485 visitatum
995 2420 1104 2503 pergit
1125 2419 1293 2502 operarios
1314 2417 1440 2499 iratres,

274 2523 318 2587 ad
334 2544 419 2606 quos
442 2524 489 2587 ita
513 2523 602 2607 loqui
625 2544 764 2588 exorsus
779 2533 849 2588 est:
873 2523 911 2587 ln
930 2521 1080 2587 Paschali
1102 2521 1313 2588 solemnitate
1335 2543 1441 2607 nuper

274 2626 386 2711 Aprili
408 2637 543 2710 peracta
565 2648 688 2705 mense,
709 2627 873 2692 desiderio
895 2626 1079 2692 desideravi
1101 2627 1144 2691 ad
1168 2625 1336 2692 Christum
1358 2628 1439 2692 erni·

273 2752 388 2815 grare:
411 2732 470 2795 sed
493 2751 535 2796 nc
556 2731 650 2795 vobis
673 2731 798 2796 laetitiae
821 2730 982 2794 festivitas
1004 2729 1038 2792 in
1061 2729 1228 2794 tristitiam
1251 2740 1440 2811 verteretur,

274 2836 364 2899 diem
394 2835 505 2900 obitus
541 2835 655 2920 paullo
690 2836 814 2899 diutius
851 2835 1014 2918 protelare
1050 2833 1160 2898 malui
1221 2834 1286 2899 His
1316 2836 1440 2900 auditis

273 2940 389 3004 iratres
412 2939 501 3003 haud
529 2940 697 3004 modicum
724 2939 909 3003 contristati
935 2949 1020 3003 sunt
1065 2938 1129 3002 Vir
1152 2946 1264 3003 autem
1292 2939 1439 3019 Domini,

273 3053 310 3107 ut
326 3052 396 3107 erat
412 3044 445 3106 in
458 3041 609 3108 vehiculo
620 3045 749 3120 sedens,
761 3043 803 3106 ad
816 3043 976 3106 orientem
993 3042 1110 3106 faciem
1126 3062 1221 3106 suam
1232 3053 1437 3122 convertens,

273 3147 415 3210 insulam
442 3168 517 3212 cum
541 3146 700 3213 insulanis
728 3145 969 3210 habitatoribus
992 3145 1176 3222 benedixit,
1197 3155 1232 3209 et
1253 3166 1298 3210 ex
1321 3167 1361 3211 ea
1382 3149 1437 3211 die

273 3253 386 3334 vipera
409 3250 499 3315 nulla
522 3272 582 3314 nec
605 3251 740 3328 homini,
763 3270 824 3314 nec
846 3250 956 3333 pecori
981 3250 1097 3312 nociva
1120 3249 1189 3313 suit
1235 3250 1315 3314 Post
1338 3252 1438 3315 verba

272 3355 409 3418 tandem
425 3353 664 3419 benedictionis
683 3355 826 3421 Sanctus
840 3355 883 3418 ad
899 3372 996 3418 suum
1013 3353 1248 3417 monasterium
1264 3353 1436 3421 revehitur.

640 3762 842 3829 CAPUT
882 3761 1068 3826 XVIII.

703 3954 868 4039 Angelum
891 3954 999 4018 vellite

272 4129 509 4194 TRANSACTIS
524 4135 636 4192 autem
652 4125 766 4209 paucis
781 4124 899 4190 diebus
920 4126 1001 4190 dum
1018 4125 1191 4190 missarum
1207 4125 1368 4192 solemnia
1390 4151 1435 4194 ex

273 4253 364 4297 more
401 4232 580 4296 Dominica
615 4231 670 4295 dic
705 4228 956 4308 celebrarentur,
991 4230 1101 4295 subito
1135 4251 1265 4294 sursum
1299 4232 1435 4297 clevatis

271 4337 375 4401 oculis
403 4336 503 4399 facies
526 4335 614 4399 beati
642 4333 816 4400 Columbae
841 4333 959 4398 florido
984 4355 1133 4417 respersa
1154 4335 1273 4399 rubore
1295 4337 1434 4403 videtur.

426 4579 516 4629 mua
531 4577 594 4637 111,
607 4589 648 4641 aa
1023 4575 1258 4641 nruu,111.,23
