3226 5520
265 470 308 539 86
567 467 711 535 VITA
751 466 1055 535 II.-LIBER
1095 466 1122 531 1.

263 674 355 739 tione
369 674 503 759 grandis
526 683 576 739 est
598 673 726 740 iuturus
749 673 936 758 proiectus3
959 672 1072 753 lingua
1094 691 1226 755 quoque
1248 670 1321 754 ejus
1342 670 1428 734 salu-

264 778 313 843 bri
349 790 383 843 et
412 778 587 843 doctrinali
616 779 807 863 eloquentia
836 799 856 842 a
887 779 961 841 Deo
998 776 1185 841 donabitur.
1254 775 1321 839 Hic
1358 782 1429 838 erat

264 881 457 960 Erneneus,8
480 880 564 945 filius
591 881 737 958 Craseni,
759 890 877 964 postea
901 902 959 965 per
983 900 1099 943 omnes
1127 876 1250 945 Scotiae
1274 876 1429 941 ecclesias

263 983 409 1049 famosus
438 994 472 1051 et
501 984 598 1050 valde
635 986 849 1064 notissimus;
879 986 935 1067 qui
964 984 1034 1046 haec
1065 982 1178 1046 omnia
1207 981 1428 1065 suprascripta

261 1090 362 1153 verba
400 1089 543 1173 Segineo
579 1088 692 1154 abbati
720 1091 762 1154 de
792 1112 827 1154 se
860 1089 1059 1173 prophetata
1096 1096 1316 1165 enarraverat,
1353 1105 1429 1151 meo

262 1193 433 1258 decessore
449 1194 585 1258 Failbeo
608 1194 766 1258 intentius
789 1196 954 1272 audiente,
969 1194 1025 1275 qui
1049 1193 1169 1275 etipse
1191 1211 1266 1255 cum
1284 1190 1429 1274 Segineo
1466 1246 1469 1251 .

262 1318 407 1381 praesens
429 1299 558 1379 inerat;
586 1298 679 1382 cujus
702 1298 941 1382 re[ve]lati0ne‚
964 1307 998 1361 et
1021 1317 1084 1379 ego
1107 1296 1178 1379 ipse
1200 1294 1341 1379 cognovi
1357 1295 1429 1358 haec

262 1402 379 1465 eadem
395 1422 470 1484 quae
486 1403 641 1465 enarravi.
688 1401 754 1467 Sed
779 1412 813 1466 et
829 1401 935 1465 multa
957 1401 1022 1465 alia
1037 1401 1155 1464 iisdem
1178 1398 1295 1463 diebus
1310 1399 1430 1484 quibus

262 1504 296 1567 in
316 1503 494 1569 Clonoensi
511 1505 665 1568 coenobio
685 1504 828 1570 Sanctus
851 1504 1091 1588 hospitabatur,
1107 1502 1273 1567 revelante
1288 1503 1430 1586 prophe·

263 1609 345 1673 tavit
366 1608 492 1674 Sancto
507 1609 632 1692 Spiritu
648 1630 656 1687 ;
679 1609 741 1673 hoc
765 1619 824 1687 est,
839 1610 881 1674 de
898 1607 962 1686 illa,
977 1627 1052 1690 quae
1068 1615 1145 1690 post
1160 1607 1231 1669 dies
1248 1607 1370 1670 multos
1385 1608 1430 1670 ob

261 1713 487 1780 diversitatem
512 1712 678 1777 Paschalis
701 1712 776 1778 festi
791 1723 865 1777 orta
880 1722 930 1776 est
946 1713 1031 1777 inter
1047 1711 1170 1777 Scotiae
1185 1711 1349 1790 ecclesias,
1364 1712 1430 1775 dis-

262 1819 395 1883 cordia:
431 1827 466 1882 et
494 1818 536 1883 de
566 1818 764 1901 quibusdam
803 1816 990 1901 ang[e]licis
1019 1815 1338 1901 frequentationibus
1368 1816 1430 1879 sibi

263 1920 491 2001 manifestatis,
511 1919 632 2005 quibus
654 1921 808 2005 quaedam
832 1920 919 1984 intra
941 1920 1090 2003 ejusdem
1113 1919 1257 1985 coenobii
1277 1929 1373 2004 septa
1387 1919 1431 1985 ab

262 2025 388 2113 angelis
403 2034 484 2090 tunc
498 2025 658 2108 temporis
673 2024 968 2108 frequentabantur
982 2024 1062 2089 loca

694 2467 889 2533 CAPUT
929 2467 1001 2532 IV.

261 2658 313 2723 De
334 2656 475 2723 adventu
500 2656 617 2720 Sancti
640 2655 822 2733 Cninneclri,
837 2655 971 2731 abbatia
987 2655 1025 2718 dc
1042 2677 1103 2738 qna
1120 2656 1261 2720 Sanctus
1278 2653 1432 2720 Colnnrba

602 2759 834 2843 prophetaliter
846 2760 1084 2842 pronunciavit.

263 2950 361 3015 ALIO
376 2949 408 3012 in
426 2958 584 3033 tempore,
599 2969 675 3012 cum
691 2949 724 3012 in
744 2949 826 3012 lona
846 2948 952 3012 insula
976 2949 1030 3013 die
1052 2947 1193 3032 fragosae
1214 2950 1432 3032 tempestatis,

261 3064 295 3119 et
311 3053 525 3119 intolerabilis
541 3054 704 3116 undarum
717 3053 966 3137 magnitudinis,
979 3054 1097 3116 sedens
1112 3054 1143 3115 in
1160 3054 1262 3116 domo
1279 3052 1431 3129 Sanctus,

262 3168 295 3222 et
320 3157 474 3222 iratribus
501 3157 704 3240 praecipiens,
731 3158 874 3221 diceret:
907 3157 1094 3238 Praeparate
1121 3157 1213 3220 ocius
1239 3156 1431 3239 hospitium,

261 3282 450 3345 aquamque
479 3262 521 3325 ad
553 3261 713 3326 lavandos
743 3261 912 3344 hospitum
940 3261 1042 3343 pedes
1066 3261 1264 3339 exhaurite;
1294 3261 1429 3343 quidam

262 3386 307 3429 ex
323 3366 402 3448 ipsis
423 3364 522 3428 irater
544 3375 803 3448 consequenter:
827 3363 920 3447 Quis,
943 3365 998 3444 ait,
1019 3364 1081 3426 hae
1104 3365 1157 3427 die
1173 3363 1270 3427 valde
1292 3374 1431 3427 ventosa

262 3478 296 3533 et
311 3468 409 3543 nimis
424 3467 617 3551 periculosa,
632 3467 709 3531 licet
724 3468 832 3545 breve,
847 3467 984 3531 iretum¹
1005 3488 1161 3550 prospere
1184 3468 1431 3549 transnavigare

262 3577 396 3655 potest?
441 3570 519 3654 Quo
534 3573 649 3635 audito
673 3573 816 3637 Sanctus
839 3573 885 3635 sic
906 3571 1073 3655 profatur:
1101 3572 1243 3637 Cuidam
1266 3581 1382 3635 sancto
1398 3581 1432 3635 et

262 3676 368 3740 electo
380 3676 516 3754 homini,
528 3678 584 3759 qui
601 3678 642 3740 ad
661 3696 721 3740 nos
737 3687 815 3740 ante
829 3697 1001 3758 vesperam
1015 3675 1194 3760 perveniet,
1207 3676 1432 3758 Omnipotens

294 3909 307 3949 ⁸
321 3909 357 3959 St.
373 3910 480 3958 Marnan
491 3925 520 3959 or
533 3909 663 3958 Marnock.
701 3909 732 3958 In
744 3910 786 3958 the
801 3910 865 3959 lrish
884 3911 1021 3960 Calendars
1032 3911 1064 3959 he
1076 3909 1097 3959 is
1108 3908 1250 3959 celebrated
1262 3915 1288 3957 at
1301 3909 1367 3972 Aug.
1385 3906 1431 3965 185

263 3991 307 4040 hut
319 3992 345 4040 in
357 3992 400 4041 the
410 3993 544 4041 Aberdeen
559 3992 684 4056 Breviary‚
700 3993 765 4041 Part.
781 3993 871 4053 Estiv.‚
886 3993 929 4043 sol.
946 4006 999 4057 132,
1014 3994 1096 4042 where
1113 3993 1153 4042 his
1169 3991 1260 4057 legend
1277 3991 1298 4041 is
1314 3990 1388 4055 given
1406 3989 1432 4038 in

263 4073 300 4123 six
320 4074 446 4133 lectiones,
469 4075 512 4124 the
532 4074 629 4123 festival
652 4075 765 4124 “Sancti
790 4075 920 4125 Mernoehi
940 4075 1056 4141 epyscopi
1077 4082 1102 4125 et
1121 4074 1269 4125 confessoris
1285 4072 1384 4139 patroni
1400 4072 1433 4121 de

264 4155 454 4217 Kilmernoch,”
466 4157 487 4206 is
498 4156 634 4222 appointed
648 4157 685 4206 ior
694 4157 806 4208 October
819 4169 857 4222 25.
890 4158 938 4208 llis
951 4175 1023 4208 name
1035 4159 1056 4208 is
1067 4159 1120 4207 also
1132 4158 1264 4223 preserved
1273 4156 1299 4205 in
1312 4154 1433 4207 Scotland

263 4238 290 4287 in
303 4238 496 4299 lachmaruock,
509 4254 525 4287 a
536 4239 608 4288 small
625 4238 706 4287 island
718 4248 744 4288 at
757 4239 799 4288 the
811 4248 872 4290 vvest
883 4251 1000 4291 entrance
1018 4249 1044 4290 to
1061 4241 1103 4289 the
1121 4240 1199 4304 Kyles
1216 4239 1245 4288 os
1260 4240 1331 4298 Bute,
1344 4236 1432 4287 andin

264 4321 439 4370 Ardmarnoek
451 4320 477 4370 in
494 4322 536 4371 the
553 4320 636 4386 parish
648 4321 677 4370 oi
692 4322 813 4381 Kilfinan,
827 4339 861 4372 on
873 4323 915 4373 the
927 4324 1011 4373 shores
1023 4322 1051 4371 oi
1068 4323 1138 4372 Loch
1153 4324 1231 4384 Fyne.
1269 4321 1317 4372 See
1330 4317 1433 4370 Smith’s

264 4403 333 4452 Dirt.
350 4404 442 4452 Clrrist.
463 4404 530 4463 Bia,
545 4403 591 4463 iii,
605 4420 629 4468 p.
646 4401 702 4466 835,
715 4405 765 4454 and
778 4403 879 4454 Forbes'
896 4406 957 4455 Kal.
972 4407 1034 4456 Scot.
1050 4407 1096 4456 SS.
1133 4405 1183 4455 His
1194 4404 1269 4455 death
1281 4403 1302 4454 is
1313 4403 1388 4469 given
1399 4401 1432 4466 by

264 4483 423 4548 Tighernnch
434 4492 459 4533 at
471 4484 527 4547 634.

297 4580 305 4606 ¹
321 4567 376 4617 The
388 4566 474 4618 Sound
485 4567 515 4616 oi
524 4567 584 4617 lona
598 4566 662 4618 isan
675 4569 780 4634 English
792 4570 851 4621 mile
864 4570 935 4621 wide.
