3226 5520
314 554 353 604 ro
804 537 951 604 VITA

310 751 343 806 et
370 743 440 826 ipse
466 743 529 826 piis
554 743 641 808 votis
666 744 792 820 vestris
816 745 923 807 aderit
949 744 1127 821 desideriis,
1150 743 1256 807 aderit
1281 751 1314 806 et
1339 741 1471 805 conatui

310 855 431 924 nostro,
446 846 552 911 aderit
567 855 601 911 et
616 846 735 925 studio,
748 868 807 930 pro
823 849 916 931 cujus
931 848 1055 911 honore
1070 856 1104 911 et
1120 867 1232 910 amore
1248 848 1279 911 id
1297 867 1316 909 a
1333 866 1386 909 me
1402 844 1470 908 fieri

309 949 505 1032 postulatis:
528 951 621 1033 cujus
646 950 780 1034 insuper
803 952 928 1014 meritis
953 952 1099 1033 linguam
1126 971 1235 1014 meam
1258 950 1419 1013 eruditam
1438 957 1472 1011 et

310 1054 465 1136 loquendi
497 1055 626 1137 copiam
656 1054 727 1118 dari
758 1075 855 1137 posse
885 1054 1058 1119 confiditis.
1117 1056 1194 1118 Huc
1225 1056 1352 1117 accedit
1381 1053 1470 1135 quod

309 1164 434 1220 sanctae
449 1157 595 1220 ecclesiae
610 1166 728 1221 vestrae
751 1156 874 1221 clerum
901 1169 934 1221 et
961 1158 1131 1241 populum,
1146 1158 1202 1240 qui
1218 1158 1304 1219 circa
1320 1166 1471 1218 sanctum

310 1261 375 1323 Dei
398 1261 461 1325 sub
486 1261 580 1344 cujus
600 1261 783 1343 patrocinio
797 1262 913 1325 vivunt
929 1262 1012 1325 miro
1027 1270 1181 1325 tenentur
1197 1259 1326 1338 affectu,
1341 1279 1472 1323 summa

310 1383 385 1428 cum
401 1365 578 1429 devotione
593 1365 749 1449 quicquid
762 1365 987 1449 scripserimus
999 1365 1107 1429 dicitis
1119 1376 1337 1448 suscepturos,
1348 1364 1472 1446 quippe

309 1487 386 1532 cum
415 1468 564 1532 omnium
591 1478 669 1532 vota
695 1489 748 1532 me
774 1468 983 1552 potissimum
1010 1478 1048 1533 ut
1074 1469 1217 1532 asseritis
1243 1468 1276 1530 in
1303 1467 1473 1550 hocopus

310 1570 476 1654 elegerint
511 1571 664 1655 Suscipio
679 1572 791 1654 itaque
805 1592 889 1636 onus
905 1572 993 1655 quod
1011 1571 1189 1656 imponitis,
1205 1572 1321 1634 vestris
1336 1570 1471 1652 quidem

310 1684 444 1739 coactus
470 1675 630 1759 precibus,
656 1677 714 1741 sed
743 1675 808 1741 fide
832 1677 1006 1741 animatus.
1063 1676 1164 1741 Dabo
1190 1685 1301 1739 autem
1328 1694 1473 1757 operam,

310 1789 471 1862 quantum
502 1780 659 1864 adjuvare
688 1781 845 1865 dignatur
874 1780 929 1845 ilie
951 1781 1008 1865 qui
1035 1781 1165 1865 linguas
1192 1779 1367 1843 infantium
1395 1777 1473 1841 iacit

310 1883 458 1964 disertas,
473 1884 520 1949 ita
542 1884 654 1950 stilum
678 1894 862 1969 temperare
885 1906 1005 1965 meum,
1020 1895 1065 1962 ut,
1081 1895 1115 1949 et
1141 1895 1269 1949 tantam
1300 1883 1472 1947 materiam

311 2007 376 2050 non
400 1986 554 2053 obscuret
576 1989 713 2053 nimium
738 1988 944 2054 adversanda
962 1990 1135 2067 rusticitas,
1150 2009 1211 2052 nec
1227 1986 1472 2070 simplicitatem

310 2112 424 2157 eorum
452 2093 509 2177 q'ui
536 2094 706 2158 rhetoricae
731 2094 929 2177 profusionis
954 2095 1059 2175 ignari
1080 2103 1158 2158 sunt
1172 2092 1360 2157 desiderato
1375 2090 1473 2173 hujus

311 2195 433 2260 laboris
448 2195 556 2261 fructu
571 2196 745 2261 defraudet
761 2218 826 2260 non
843 2206 911 2261 tam
928 2199 1051 2262 diserta
1062 2217 1163 2280 quam
1176 2195 1316 2260 molesta
1329 2194 1472 2277 loquaci·

311 2308 370 2364 tas.
415 2297 554 2382 Aspiret
575 2319 654 2383 ergo
676 2301 795 2383 coeptis
818 2302 925 2382 gratia
948 2301 1138 2376 Salvatoris,
1154 2310 1186 2364 et
1202 2300 1258 2381 qui
1275 2298 1320 2361 iili
1336 2299 1473 2361 virtutes

310 2403 452 2467 contulit
475 2403 594 2486 quibus
618 2413 742 2468 aeterna
767 2406 888 2488 dignus
914 2415 1001 2469 esset
1024 2405 1191 2481 memoria,
1207 2424 1267 2466 nos
1282 2403 1402 2486 dignos
1417 2400 1474 2484 qui

310 2527 367 2571 eas
382 2507 563 2572 scribamus
578 2507 707 2587 efficiat,
723 2509 879 2591 illamque
906 2510 1001 2573 nobis
1027 2509 1147 2573 laboris
1170 2508 1268 2591 hujus
1288 2506 1473 2570 mercedem

312 2610 478 2690 retribuat,
494 2620 531 2676 ut
551 2613 584 2675 in
610 2611 672 2676 hac
687 2614 741 2676 via
767 2633 826 2696 per
851 2634 952 2696 quam
969 2614 1163 2677 festinamus
1179 2615 1221 2676 ad
1238 2612 1379 2695 patriam
1402 2611 1474 2693 ejus

312 2735 372 2779 nos
388 2735 519 2798 semper
532 2716 708 2781 comitetur
729 2717 844 2781 oratio.
890 2716 935 2781 Et
951 2717 984 2780 in
1000 2717 1074 2800 ipso
1095 2717 1198 2794 exitu,
1213 2735 1280 2798 quo
1295 2715 1357 2777 viae
1375 2714 1470 2777 finem

312 2819 455 2901 vitaeque
477 2820 707 2903 praestolamur
729 2820 868 2899 initium,
884 2829 1007 2904 praesto
1029 2822 1072 2884 sit
1095 2819 1190 2884 nobis
1204 2819 1276 2903 ejus
1291 2818 1474 2882 consolatio

312 2933 346 2987 et
362 2924 485 2988 sanctis
501 2924 625 2989 meritis
640 2924 712 3008 ejus
727 2936 851 2990 aterna
866 2925 1050 2990 coelestium
1068 2925 1229 2989 bonorum
1246 2923 1473 2987 remuneratio.

763 3297 1027 3363 PRAEFATIO.

319 3463 551 3529 Testimonium
580 3465 678 3530 Bedoe
700 3467 739 3530 de
767 3467 917 3532 Niniano
941 3488 1013 3531 cum
1038 3468 1312 3533 observationibus
1336 3467 1475 3530 Ailredi.

314 3635 535 3702 GLORIOSAM
551 3637 748 3702 sanctissimi
766 3638 901 3703 Niniani
912 3640 1015 3703 vitam
1032 3639 1144 3703 divina
1157 3639 1252 3703 nobis
1263 3639 1476 3703 commendat

312 3741 500 3819 auctoritas,
515 3762 589 3823 quae
616 3752 768 3806 sanctum
795 3744 1015 3827 patriarcham
1038 3743 1221 3822 Abraham,
1237 3755 1365 3826 patrem
1393 3741 1476 3806 mul-

313 3847 421 3905 tarum
437 3843 596 3925 gentium,
611 3853 645 3907 et
661 3842 736 3907 fidei
752 3845 934 3928 principem
951 3855 1028 3909 ante
1044 3854 1194 3928 tempora
1209 3845 1378 3909 saecularia
1394 3865 1476 3926 prze-

314 3943 526 4022 destinatum,
537 3945 596 4009 tali
611 3946 755 4029 primum
771 3947 929 4030 probatur
944 3949 1125 4013 instituisse
1141 3950 1293 4013 oraculo:
1310 3949 1477 4032 Egredere

313 4045 356 4109 de
378 4056 465 4111 terra
491 4056 557 4127 tua,
575 4060 608 4112 et
634 4050 676 4113 de
703 4052 901 4134 cognatione
927 4061 993 4130 tua,
1009 4062 1042 4116 et
1057 4053 1099 4115 dc
1115 4052 1217 4115 domo
1232 4052 1335 4135 patris
1351 4051 1398 4114 tui
1414 4073 1422 4130 ;
1444 4059 1478 4113 et

313 4151 398 4215 vade
413 4152 447 4215 in
463 4161 583 4217 terram
599 4174 699 4238 quam
728 4167 953 4220 monstravero
976 4156 1045 4234 tibi,
1061 4167 1094 4219 et
1110 4155 1228 4219 faciam
1244 4166 1277 4219 te
1294 4156 1326 4218 in
1342 4163 1476 4237 gentem

314 4268 504 4339 magnam.¹
542 4258 594 4322 Ita
616 4258 825 4325 beatissimus
855 4260 1028 4336 Ninianus,
1043 4260 1156 4323 relicta
1178 4260 1295 4342 patria,
1310 4259 1478 4340 domoque

312 4359 425 4441 patris,
440 4361 556 4426 didicit
578 4362 611 4425 in
635 4371 722 4427 terra
743 4364 874 4440 aliena,²
897 4365 986 4447 quod
1010 4372 1086 4447 post
1111 4363 1245 4427 doceret
1268 4363 1299 4425 in
1324 4362 1480 4445 propria;

314 4464 514 4529 constitutus
543 4485 564 4529 a
594 4465 742 4530 Domino
778 4488 876 4551 super
912 4477 1029 4552 gentes
1066 4477 1099 4531 et
1137 4487 1247 4550 regna,
1277 4466 1416 4530 evellere
1446 4474 1479 4528 et

477 4679 486 4707 ¹
500 4668 565 4719 Gen.
579 4667 624 4718 xii.
638 4680 685 4718 m„
1090 4684 1102 4711 2
1116 4672 1163 4721 See
1174 4669 1277 4736 chapter
1288 4681 1311 4720 2.
