3226 5520
320 1109 536 1173 CAPITULA
559 1108 748 1172 SECUNDI
773 1108 891 1169 LIBRI
917 1106 1154 1170 INCIPIUNT.

443 1276 502 1337 DE
523 1277 758 1340 VIRTUTUM
783 1275 1028 1338 MIRACULIS

155 1524 203 1585 De
216 1522 287 1585 vino
300 1523 383 1603 quod
397 1525 436 1586 de
449 1542 528 1603 aqua
541 1524 653 1586 lactum
666 1533 720 1586 est.

154 1623 202 1684 De
215 1623 404 1684 amarissimis
418 1622 541 1700 alicujus
554 1622 667 1685 arboris
681 1623 786 1701 pomis,
801 1622 833 1682 in
847 1619 1037 1683 dulcedinem
1051 1637 1104 1699 per
1116 1617 1217 1682 Sancti
1230 1619 1318 1682 bene·

232 1719 395 1781 dictionem
409 1719 507 1782 versis

155 1819 203 1880 De
224 1829 308 1894 terra,
333 1830 401 1896 post
426 1819 559 1881 medium
586 1817 695 1881 utatis
722 1830 839 1897 tempus
866 1829 946 1881 arata
973 1828 1004 1880 et
1030 1815 1183 1893 seminata,
1208 1815 1319 1879 mensis

234 1915 361 1994 Augusti
375 1916 543 1994 incipientis
556 1916 678 1979 exordio
692 1928 838 1978 maturam
852 1935 980 1979 messem
993 1916 1167 1994 proferente.

155 2014 203 2075 De
216 2012 374 2076 morbifera
387 2013 476 2090 nube,
492 2026 522 2077 et
535 2016 740 2094 languentium
753 2014 887 2078 sanitate.

155 2114 203 2175 De
218 2115 400 2174 Msuourua
413 2124 516 2175 sancta
528 2113 648 2192 virgine,
664 2124 694 2175 et
707 2115 833 2175 fractura
846 2132 928 2175 coxae
942 2113 1006 2192 eiua
1019 2121 1130 2175 sauma

155 2212 203 2274 De
217 2212 377 2273 multorum
398 2211 510 2275 morbis
530 2211 655 2274 limbriae
674 2213 841 2275 vestimenti
862 2213 927 2291 ejus
946 2222 1037 2288 tactu,
1059 2212 1090 2272 in
1115 2213 1214 2273 Dorso
1234 2211 1319 2286 Cete,

155 2409 203 2470 De
216 2322 381 2486 pseirnaatiisaiis
395 2427 413 2469 a
426 2409 537 2470 Sancto
549 2407 717 2484 benedicta,
732 2428 823 2489 quam
837 2410 912 2489 ignis
925 2409 1082 2472 absumere
1095 2428 1157 2471 non
1173 2406 1278 2488 potuit

155 2507 203 2568 De
216 2505 339 2567 librariis
354 2505 430 2569 loliis
444 2526 535 2569 manu
549 2508 650 2570 Sancti
664 2508 787 2588 scriptis,
799 2527 868 2587 quae
880 2527 959 2588 aqua
972 2509 1055 2571 nullo
1070 2508 1163 2570 modo
1172 2507 1320 2586 conumpi

235 2616 380 2684 potuere·

155 2705 203 2765 De
216 2722 303 2783 aqua,
320 2723 396 2783 quse,
412 2705 523 2767 Sancto
537 2714 648 2780 orante,
664 2724 700 2768 ex
713 2705 788 2767 dura
801 2705 948 2784 producta
960 2715 1006 2768 est
1018 2715 1109 2784 petra

155 2803 203 2864 De
217 2820 295 2881 aqua
308 2803 439 2878 sonunt,
454 2822 545 2882 quam
558 2805 684 2867 Sanctus
697 2804 774 2864 ultra
795 2802 999 2866 Britannicum
1013 2801 1165 2865 benedixit
1180 2803 1320 2876 Βοηιιω,

235 2911 266 2963 et
279 2900 401 2963 sanavit

156 3000 204 3061 De
217 2999 317 3063 Sancti
331 3000 463 3079 periculo
477 3002 508 3062 in
522 2999 605 3076 mari,
621 3010 651 3064 et
664 3001 704 3064 de
718 3018 826 3080 magna
845 3009 1022 3080 tempestate
1036 2997 1067 3061 iu
1080 2997 1321 3078 tranquillitatem

235 3100 387 3173 continuo,
403 3110 506 3162 orante
519 3098 593 3178 ipso,
609 3118 759 3161 conversa

156 3197 204 3258 De
218 3198 310 3258 altero
324 3198 388 3274 ejus
409 3194 549 3275 periculo,
568 3208 598 3258 et
618 3197 658 3258 de
678 3199 789 3259 Sancto
809 3198 1003 3261 Cntnrrrcrro
1024 3215 1078 3276 pro
1098 3195 1164 3275 ipso
1184 3206 1214 3259 et
1235 3193 1323 3258 sociis

236 3296 300 3373 ejus
314 3307 424 3357 orante

156 3394 204 3456 De
219 3394 326 3455 baculo
340 3394 371 3454 in
385 3403 472 3472 portu
487 3391 587 3455 Sancti
602 3394 787 3457 errrorem
802 3394 946 3472 neglecto.

156 3493 204 3553 De
219 3492 418 3566 Bnrrrruuro
430 3502 461 3553 et
472 3492 675 3553 Couuuunrro
686 3491 747 3553 lilio
762 3492 917 3566 Bsoorror,
929 3490 1009 3571 quia
1022 3492 1133 3554 Sancto
1146 3491 1321 3568 secundum,

236 3590 343 3651 erdem
357 3588 415 3663 die,
431 3589 484 3650 sed
498 3589 614 3652 diversa
626 3588 682 3664 via,
697 3601 820 3652 ventum
834 3589 891 3652 sibi
905 3590 968 3651 dari
983 3590 1176 3668 postularunt.

156 3688 204 3749 De
218 3685 364 3749 daemonia
376 3688 545 3765 repulsione
559 3686 611 3766 qui
625 3686 656 3748 in
670 3686 754 3749 lactis
768 3689 888 3749 vasculo
902 3687 1042 3749 latitabat

157 3787 205 3847 De
218 3786 339 3847 vasculo
352 3785 437 3864 quod
450 3784 574 3864 quidam
589 3787 749 3861 maleficus,
764 3787 841 3848 lacte
861 3787 900 3848 de
923 3787 1057 3847 masculo
1077 3785 1155 3848 bove
1175 3803 1322 3864 expresso,

236 3883 385 3946 diabolica
398 3883 521 3961 replevit
534 3895 596 3946 arte
606 3906 615 3960 3
635 3885 697 3960 sed,
709 3885 820 3946 Sancto
834 3896 945 3960 orante,
961 3884 1059 3963 ipsum
1072 3884 1157 3963 quod
1169 3883 1324 3947 videbatur

236 3984 291 4058 lac,
306 3981 338 4044 in
351 3983 535 4061 sanguinem,
550 3982 609 4044 hoc
624 3993 677 4058 est,
693 3984 724 4043 in
738 3994 873 4044 naturam
887 3981 1045 4062 propriam,
1060 4000 1176 4045 vmsum
1191 3992 1244 4044 est

190 4205 199 4233 ¹
214 4192 322 4244 Codices
334 4193 354 4242 B
366 4192 417 4243 and
429 4192 497 4244 Cott.
517 4191 606 4244 Codex
618 4192 650 4243 Α.
664 4192 710 4244 bas
722 4208 755 4243 no
766 4193 877 4260 capitula
887 4192 926 4243 ior
936 4192 980 4244 tbe
991 4193 1084 4244 wooud
1092 4192 1144 4243 and
1154 4190 1222 4243 third
1233 4191 1322 4242 books.

155 4274 212 4326 rue
223 4275 334 4340 capitula
345 4275 428 4326 which
443 4273 529 4325 follow
543 4276 696 4342 eorrepond
707 4283 734 4326 to
746 4275 789 4326 tbe
799 4274 874 4327 order
890 4276 919 4326 ol
935 4276 979 4328 tbe
989 4275 1104 4342 cbaptem
1116 4275 1142 4325 in
1160 4275 1188 4325 B.
1203 4275 1248 4325 bot
1264 4289 1325 4340 vary

155 4355 388 4408 t'romtboseinA.
435 4356 1077 4424 Fortbeeonvenieueeolreiereneetbeebapten
1092 4355 1283 4408 menumbered
1299 4355 1326 4407 ln

155 4439 199 4490 tbe
210 4438 339 4504 following
350 4455 427 4506 page·
438 4454 467 4490 as
479 4439 505 4490 ln
516 4439 625 4506 Colono,
637 4440 681 4492 tbe
691 4441 784 4493 seoond
793 4440 860 4507 June
871 4441 971 4493 volume
978 4441 1007 4491 oi
1015 4440 1059 4492 tbe
1069 4441 1136 4492 Acta
1147 4440 1204 4501 SS..
1217 4438 1269 4490 and
1277 4438 1323 4490 Dr.

159 4520 264 4573 Reeres'
275 4523 422 4572 Areum

191 4601 458 4671 Ὀιρμᾶᾳοῐι
