3226 5520
333 497 394 547 100
630 477 779 545 VITA
816 475 1123 545 II.-LIBER
1161 474 1190 541 I.

329 684 415 771 Quae
430 682 543 749 omnia
558 683 740 749 secundum
758 682 872 749 Sancti
888 681 1097 767 prophetiam
1110 680 1157 745 ita
1169 679 1400 765 contigerunt:
1417 698 1503 743 nam

329 790 429 854 miser
453 788 570 853 iisdem
594 789 711 853 diebus
738 789 780 852 ad
807 787 1003 852 Hiberniam
1028 806 1184 864 reversus,
1206 786 1240 849 in
1264 785 1397 868 regione
1419 804 1504 867 quae

328 894 491 957 vocitatur
512 892 603 970 Lea‚³
624 893 657 956 In
683 911 801 957 manus
828 891 976 955 incidens
998 891 1206 956 inImicorum
1231 888 1414 954 trucidatus
1437 896 1503 953 est

331 997 397 1062 Hic
413 999 455 1062 de
471 997 659 1083 Nepotibus
675 996 805 1062 Turtrei
822 1005 901 1060 erat

702 1423 904 1492 CAPUT
942 1421 1118 1489 XXIII.

747 1627 800 1694 De
816 1629 842 1694 I
859 1629 964 1694 vocali
982 1629 1087 1694 litera.

331 1832 500 1919 QUADAM
516 1833 571 1900 die
587 1832 798 1912 Baitheneus,
821 1834 864 1898 ad
888 1833 1050 1900 Sanctum
1073 1833 1244 1912 accedens,
1266 1831 1332 1898 ait:
1355 1832 1508 1899 Necesse

330 1938 439 2003 habeo
462 1948 499 2004 ut
523 1937 642 2022 aliquis
665 1939 708 2003 de
733 1937 886 2003 iratribus
910 1957 1041 2002 mecum
1058 1939 1255 2003 Psalterium
1278 1938 1369 2021 quod
1385 1937 1505 2022 scripsi

330 2063 523 2128 percurrens
545 2043 708 2107 emendet
755 2041 833 2126 Quo
855 2043 980 2119 audito,
1003 2042 1148 2108 Sanctus
1170 2042 1218 2106 sic
1240 2041 1410 2125 profatur:
1433 2041 1507 2109 Cur

330 2147 416 2212 hanc
431 2167 531 2232 super
546 2168 606 2211 nos
622 2147 722 2211 infers
737 2148 808 2212 sine
823 2167 923 2211 causa
942 2146 1155 2212 molestiam?
1199 2146 1289 2212 Nam
1305 2146 1338 2210 in
1355 2154 1414 2210 tuo
1428 2145 1506 2227 hoc,

330 2253 373 2316 de
388 2271 456 2336 quo
471 2253 561 2330 dicis,
578 2251 738 2317 Psalterio
754 2273 814 2316 nec
837 2272 904 2316 una
926 2252 1092 2335 superflua
1116 2252 1296 2334 reperietur
1321 2250 1424 2329 litera,
1440 2271 1506 2316 nec

330 2355 396 2420 alia
425 2357 548 2432 deesse,
579 2367 721 2440 excepta
750 2356 763 2420 1
792 2356 907 2434 vocali,
933 2377 1009 2440 quae
1038 2356 1110 2421 sola
1135 2358 1237 2421 deest
1284 2357 1329 2421 Et
1349 2357 1406 2434 sic,
1428 2365 1506 2421 toto

331 2457 477 2543 perlecto
500 2459 670 2540 psalterio,
685 2460 781 2525 sicuti
807 2460 952 2526 Sanctus
976 2461 1188 2544 praedixerat‚
1203 2469 1369 2544 repertum
1385 2458 1508 2543 explo-

331 2572 440 2628 ratum
455 2573 513 2629 est.

708 2995 916 3088 cnutus
954 3000 1117 3066 xxrv,

345 3206 398 3271 Dc
419 3206 502 3272 libro
524 3206 559 3271 in
581 3205 759 3291 aquarium
782 3228 844 3272 vas
867 3208 1008 3273 Sanctus
1028 3207 1126 3272 sicuti
1139 3208 1340 3292 proedtlrerat
1359 3208 1497 3276 cadente.

332 3411 502 3496 QUADAM
532 3413 648 3479 itidem
676 3413 739 3492 die,
766 3415 809 3479 ad
836 3412 946 3480 iocum
978 3414 1011 3479 ln
1041 3415 1243 3480 monasterIo
1263 3416 1391 3493 sedens,
1413 3415 1509 3482 videt

333 3518 509 3603 Lugbeum
525 3530 626 3602 gente
642 3518 824 3597 Mocumin‚
839 3519 969 3583 eminus
981 3518 1101 3584 librum
1115 3518 1292 3602 legentem,
1303 3519 1356 3584 cui
1368 3527 1508 3603 repente

331 3623 397 3687 ait:
422 3622 584 3699 Praecave‚
608 3622 663 3700 fili,
679 3643 837 3706 praecave,
862 3623 992 3688 aestimo
1018 3623 1107 3687 enIm
1133 3624 1223 3708 quod
1248 3643 1347 3708 quem
1374 3623 1507 3688 lectitas

331 3725 414 3790 liber
437 3726 470 3789 in
499 3746 596 3810 aquae
622 3726 758 3810 plenum
781 3727 824 3792 sit
848 3748 983 3794 casurus
1004 3728 1183 3795 vasculum.
1229 3727 1331 3812 Quod
1354 3748 1435 3793 mox
1458 3729 1508 3794 ita

331 3831 491 3914 contigit:
514 3850 592 3895 nam
609 3831 664 3895 ille
679 3852 779 3915 supra
795 3842 996 3897 memoratus
1009 3833 1149 3918 juvenis,
1164 3841 1241 3917 post
1253 3832 1388 3917 aliquod
1404 3833 1508 3899 breve

331 3936 551 4013 intervallum,
574 3937 616 4001 ad
648 3937 793 4020 aliquam
824 3957 1026 4021 consurgens
1050 3939 1083 4001 in
1111 3938 1313 4002 monasterio
1339 3937 1507 4002 ministra·

332 4040 467 4119 tionem,
497 4040 586 4104 verbi
617 4040 740 4106 oblitus
770 4042 859 4106 beati
889 4042 959 4119 viri,
988 4042 1128 4120 libellus,
1157 4062 1257 4125 quem
1291 4041 1354 4107 sub
1383 4041 1508 4107 ascella

332 4144 554 4228 negligentius
570 4145 711 4224 inclusit,
727 4146 837 4209 subito
854 4146 885 4208 in
903 4145 1047 4209 Iossam¹
1067 4166 1153 4229 aqua
1169 4145 1329 4229 repletam
1345 4146 1473 4212 cecidit.

364 4496 376 4534 3
389 4481 445 4533 The
456 4481 552 4533 district
565 4484 606 4549 lay
617 4499 650 4534 on
662 4484 705 4535 the
717 4492 776 4535 west
788 4483 842 4535 side
853 4485 882 4534 oi
891 4484 934 4534 the
946 4484 1010 4535 river
1022 4485 1102 4539 Banu.

365 4588 374 4615 ¹
388 4581 494 4649 ydriam,
506 4583 539 4637 A.
611 4574 614 4581 ¹
