3226 5520
224 493 285 588 196
494 488 640 569 vtrA
681 487 986 567 tt-Lrnsstt
1025 484 1115 562 111.

220 724 332 778 tamen
349 712 560 790 Baitheneus,
574 713 609 776 in
626 713 720 796 Egea
735 710 852 788 insula,
866 710 957 774 venti
974 706 1220 772 contrarietate
1232 705 1421 778 detentus,

220 838 393 902 usquequo
429 816 476 880 illi
512 815 648 881 trinales
692 815 779 879 illius
823 810 1092 896 incomparabilis
1127 818 1166 874 et
1205 805 1422 872 honorificae

219 921 417 986 visitationis
440 922 520 998 dies,
534 931 569 985 et
590 920 732 984 totidem
755 928 879 995 noctes,
900 917 1166 992 terminarentur,
1186 914 1321 978 adesse
1345 930 1420 975 non

221 1026 338 1109 potuit

625 1484 829 1553 CAPUT
867 1484 985 1549 XIX.

222 1686 274 1751 Dc
294 1689 430 1770 anglicoe
449 1690 529 1752 lucis
549 1690 707 1766 claritate,
725 1711 824 1772 quam
849 1688 979 1771 Virguo,
1002 1688 1088 1752 bouoe
1109 1683 1233 1749 indulti
1247 1683 1409 1766 Jicvcnr’s,

308 1794 367 1875 qui
377 1803 453 1876 post
472 1794 541 1857 Deo
554 1804 682 1857 auctore
695 1794 771 1858 lcuic
784 1795 923 1876 prefuit
937 1793 1076 1869 ccclesia,
1090 1791 1144 1854 cui
1155 1809 1222 1872 cgv,
1237 1787 1410 1869 indagans

308 1896 387 1973 licet,
398 1897 547 1974 deservio,
556 1909 806 1980 superstructum
822 1897 1009 1963 Columbam
1021 1899 1056 1960 in
1067 1894 1215 1970 ccclesia,¹
1221 1891 1409 1975 sratn‘brcs

308 1999 449 2080 hyemali
462 2010 547 2064 nocte
561 2001 596 2064 in
611 2000 763 2065 cubiculis
781 1999 1017 2084 quiescentibus,
1031 1997 1216 2063 descendere
1230 1995 1392 2059 viderat.²

224 2185 392 2269 QUADAM
419 2189 565 2272 hyemali
588 2200 694 2268 nocte,
716 2211 816 2274 supra
838 2197 1041 2253 memoratus
1063 2185 1248 2271 Virgnous³
1269 2185 1307 2248 in
1333 2184 1403 2248 Dei

224 2310 337 2354 amore
359 2291 496 2371 fervens,
518 2294 700 2373 ecclesiam,
722 2295 881 2359 orationis
901 2294 1021 2371 studio,
1043 2292 1116 2357 aliis
1136 2289 1404 2374 quiescentibus,

224 2393 314 2456 solus
337 2395 457 2459 intrat:
483 2397 674 2480 ibidemque
697 2399 730 2461 in
753 2399 899 2480 quadam
922 2398 1057 2474 exedra,
1078 2415 1155 2478 quae
1176 2393 1316 2457 oratorii
1341 2393 1404 2457 ad·

224 2496 372 2562 haerebat
398 2500 524 2582 parieti,
550 2502 691 2564 devotus
717 2501 841 2564 orabat
889 2500 935 2564 Et
961 2507 1038 2582 post
1063 2498 1272 2580 aliquantum
1300 2495 1403 2579 quasi

224 2598 315 2662 horae
353 2601 561 2667 intervallum
591 2605 697 2682 unius,
727 2606 776 2668 vir
805 2605 1012 2667 venerandus
1051 2600 1215 2668 Columba
1251 2601 1403 2663 eandem

225 2723 352 2767 sacram
380 2705 562 2789 ingreditur
588 2709 735 2786 domurn,
761 2707 926 2790 simulque
952 2726 1028 2770 cum
1058 2726 1100 2769 eo
1126 2723 1226 2767 aurea
1256 2702 1330 2783 lux,
1359 2704 1404 2768 de

225 2827 356 2872 summa
371 2811 446 2873 coeli
462 2810 638 2875 altitudine
649 2812 863 2889 descendens,
876 2820 984 2875 totum
997 2810 1078 2874 illud
1090 2808 1237 2872 ecclesiae
1249 2808 1403 2890 spatium

226 2912 363 2994 replens.
418 2913 485 2979 Sed
510 2925 543 2979 et
567 2915 653 2979 illius
676 2915 857 2979 exedriolae
879 2923 1069 2998 separatum
1092 2911 1258 2989 conclave,
1279 2912 1340 2975 ubi
1365 2932 1403 2975 se

225 3014 403 3098 Virgnous,
442 3019 475 3080 in
512 3030 675 3101 quantum
714 3021 831 3102 potuit,
862 3019 992 3083 latitare
1024 3019 1214 3093 conabatur,
1244 3016 1402 3098 ejusdem

226 3120 370 3184 coelestis
386 3122 516 3185 claritas
533 3124 674 3201 luminis,
691 3146 749 3206 per
765 3124 952 3187 interiorem
977 3123 1063 3186 illius
1085 3120 1225 3186 cubiculi
1247 3120 1404 3202 januam,

226 3244 301 3304 quae
332 3246 376 3287 ex
408 3228 524 3289 minori
563 3229 700 3310 patebat
737 3240 839 3310 parte,
870 3248 1056 3310 erumpens
1086 3247 1152 3290 non
1183 3227 1254 3288 sine
1284 3224 1403 3308 aliquo

227 3327 426 3392 formidabili
457 3331 638 3413 repleverat
669 3343 798 3396 terrore.
859 3333 904 3395 Et
933 3334 1018 3395 sicut
1049 3330 1157 3394 nullus
1183 3329 1339 3392 aestirum
1369 3341 1404 3395 et

228 3433 446 3496 meridianum
463 3435 566 3498 solem
585 3438 681 3500 rectis
704 3447 737 3500 et
760 3437 1002 3500 irreverberatis
1025 3445 1135 3519 potest
1151 3434 1268 3497 intueri
1285 3435 1404 3512 oculiS,

227 3535 273 3598 sic
297 3546 330 3599 et
353 3537 443 3600 illam
467 3541 636 3603 coelestem
660 3540 890 3603 claritudinem
915 3541 969 3602 ille
992 3540 1170 3622 Virgnous,
1187 3538 1243 3620 qui
1260 3537 1404 3614 viderat,

227 3640 388 3703 sustinere
411 3641 502 3705 nullo
525 3654 656 3726 poterat
679 3646 800 3721 modo;
827 3645 904 3725 quia
927 3643 1024 3706 valde
1040 3643 1209 3706 oculorum
1233 3641 1403 3705 reverber-

228 3743 306 3807 abat
322 3746 426 3807 aciem
451 3746 507 3808 illa
530 3746 694 3809 luminosa
716 3756 750 3810 et
773 3746 1041 3829 incomparabilis
1064 3744 1188 3809 effusio
1234 3743 1314 3826 Quo
1338 3745 1402 3808 ful·

228 3848 342 3910 minali
369 3858 403 3912 et
429 3848 629 3913 formidabili
656 3851 831 3933 splendore
858 3852 937 3928 vi30,
964 3851 996 3913 in
1025 3860 1155 3914 tantum
1182 3850 1271 3912 idern
1299 3870 1404 3932 supra

229 3961 431 4014 memoratus
443 3952 543 4016 frater
555 3956 733 4017 exterritus
746 3965 824 4032 erat,
837 3965 873 4018 ut
889 3955 980 4017 nulla
992 3956 1025 4016 in
1038 3975 1078 4017 eo
1090 3954 1192 4017 virtus
1205 3963 1401 4018 remaneret

230 4053 373 4118 Sanctus
395 4076 473 4118 vero
497 4056 671 4136 Columba,
692 4070 768 4142 post
789 4079 856 4122 non
880 4059 1046 4142 prolixam
1063 4058 1255 4133 orationem,
1270 4058 1403 4138 egredi·

263 4339 270 4364 ¹
286 4326 353 4374 Tbat
365 4327 393 4386 is,
407 4327 437 4376 of
446 4328 498 4392 Hy.

262 4420 273 4445 ²
292 4409 363 4468 fille,
379 4411 406 4458 B.
422 4411 490 4461 Coll.

262 4502 273 4537 3
288 4490 384 4553 Fergna
397 4492 457 4551 Brit,
472 4493 616 4543 afterwards
628 4494 709 4544 fourth
721 4495 808 4544 Abbot
818 4494 847 4544 of
856 4495 908 4559 Hy,
919 4493 1035 4559 605·623.
1068 4493 1117 4543 His
1131 4508 1204 4542 name
1214 4492 1404 4543 alsooccursas

231 4572 366 4636 Fergnous,
381 4575 533 4638 Fergnouus,
550 4577 666 4633 Femaus,
681 4577 730 4625 and
745 4578 849 4642 Fergna.
887 4577 936 4625 ilis
948 4578 996 4640 (lay
1008 4576 1033 4625 in
1046 4576 1088 4625 the
1100 4573 1256 4625 Calendaris
1270 4573 1361 4625 March
1376 4589 1401 4625 2.
