<?xml version="1.0" encoding="UTF-8"?>
<!DOCTYPE html PUBLIC "-//W3C//DTD XHTML 1.0 Transitional//EN"
    "http://www.w3.org/TR/xhtml1/DTD/xhtml1-transitional.dtd">
<html xmlns="http://www.w3.org/1999/xhtml" xml:lang="en" lang="en">
 <head>
  <title>
</title>
<meta http-equiv="Content-Type" content="text/html;charset=utf-8" />
  <meta name='ocr-system' content='tesseract 3.04.00' />
  <meta name='ocr-capabilities' content='ocr_page ocr_carea ocr_par ocr_line ocrx_word'/>
</head>
<body>
  <div class='ocr_page' id='page_1' title='image "./pinkertonslives00pinkgoog_0101.png"; bbox 0 0 3226 5520; ppageno 0'>
   <div class='ocr_carea' id='block_1_1' title="bbox 648 431 948 500">
    <p class='ocr_par' dir='ltr' id='par_1_1' title="bbox 648 431 948 500">
     <span class='ocr_line' id='line_1_1' title="bbox 648 431 948 500; baseline -0.007 -1"><span class='ocrx_word' id='word_1_1' title='bbox 648 431 948 500; x_wconf 81' lang='lat' dir='ltr'><strong>OFFICIUM</strong></span> 
     </span>
    </p>
   </div>
   <div class='ocr_carea' id='block_1_2' title="bbox 448 1006 1155 1087">
    <p class='ocr_par' dir='ltr' id='par_1_2' title="bbox 448 1006 1155 1087">
     <span class='ocr_line' id='line_1_2' title="bbox 448 1006 1155 1087; baseline -0.006 -1"><span class='ocrx_word' id='word_1_2' title='bbox 448 1009 785 1087; x_wconf 87' lang='lat' dir='ltr'><strong>OFFICIUM</strong></span> <span class='ocrx_word' id='word_1_3' title='bbox 842 1006 1155 1084; x_wconf 88' lang='lat' dir='ltr'><strong>NINIANI.¹</strong></span> 
     </span>
    </p>
   </div>
   <div class='ocr_carea' id='block_1_3' title="bbox 218 1227 1382 1317">
    <p class='ocr_par' dir='ltr' id='par_1_3' title="bbox 218 1227 1382 1317">
     <span class='ocr_line' id='line_1_3' title="bbox 218 1227 1382 1317; baseline -0.004 -19"><span class='ocrx_word' id='word_1_4' title='bbox 218 1233 258 1298; x_wconf 94' lang='lat' dir='ltr'>In</span> <span class='ocrx_word' id='word_1_5' title='bbox 279 1235 380 1300; x_wconf 87' lang='lat' dir='ltr'>Festo</span> <span class='ocrx_word' id='word_1_6' title='bbox 399 1235 514 1302; x_wconf 86' lang='lat' dir='ltr'>Sancti</span> <span class='ocrx_word' id='word_1_7' title='bbox 534 1234 641 1300; x_wconf 89' lang='lat' dir='ltr'>Patris</span> <span class='ocrx_word' id='word_1_8' title='bbox 659 1233 763 1299; x_wconf 87' lang='lat' dir='ltr'>nostri</span> <span class='ocrx_word' id='word_1_9' title='bbox 782 1233 919 1299; x_wconf 89' lang='lat' dir='ltr'>Niniani</span> <span class='ocrx_word' id='word_1_10' title='bbox 941 1229 1098 1317; x_wconf 87' lang='lat' dir='ltr'>Episcopi</span> <span class='ocrx_word' id='word_1_11' title='bbox 1116 1238 1151 1294; x_wconf 92' lang='lat' dir='ltr'>et</span> <span class='ocrx_word' id='word_1_12' title='bbox 1169 1227 1382 1295; x_wconf 81' lang='lat' dir='ltr'>Confessoris.</span> 
     </span>
    </p>
   </div>
   <div class='ocr_carea' id='block_1_4' title="bbox 280 1424 609 1490">
    <p class='ocr_par' dir='ltr' id='par_1_4' title="bbox 280 1424 609 1490">
     <span class='ocr_line' id='line_1_4' title="bbox 280 1424 609 1490; baseline -0.006 -13"><span class='ocrx_word' id='word_1_13' title='bbox 280 1425 304 1477; x_wconf 84' lang='lat'>1.</span> <span class='ocrx_word' id='word_1_14' title='bbox 329 1426 364 1476; x_wconf 82' lang='lat' dir='ltr'>In</span> <span class='ocrx_word' id='word_1_15' title='bbox 379 1425 475 1490; x_wconf 64' lang='lat' dir='ltr'>primis</span> <span class='ocrx_word' id='word_1_16' title='bbox 492 1424 609 1490; x_wconf 75' lang='lat' dir='ltr'>Verpen&#39;s.</span> 
     </span>
    </p>
   </div>
   <div class='ocr_carea' id='block_1_5' title="bbox 213 1537 1131 4401">
    <p class='ocr_par' dir='ltr' id='par_1_5' title="bbox 213 1537 1131 4401">
     <span class='ocr_line' id='line_1_5' title="bbox 215 1537 960 1608; baseline -0.003 -17"><span class='ocrx_word' id='word_1_17' title='bbox 215 1541 324 1608; x_wconf 64' lang='lat' dir='ltr'>Aneiai.</span> <span class='ocrx_word' id='word_1_18' title='bbox 362 1542 449 1594; x_wconf 85' lang='lat' dir='ltr'>Ovaus</span> <span class='ocrx_word' id='word_1_19' title='bbox 460 1549 517 1606; x_wconf 87' lang='lat' dir='ltr'>agat</span> <span class='ocrx_word' id='word_1_20' title='bbox 528 1541 582 1591; x_wconf 82' lang='lat' dir='ltr'>baec</span> <span class='ocrx_word' id='word_1_21' title='bbox 593 1539 681 1591; x_wconf 85' lang='lat' dir='ltr'>caucia</span> <span class='ocrx_word' id='word_1_22' title='bbox 694 1538 700 1604; x_wconf 94' lang='grc' dir='ltr'>Ι</span> <span class='ocrx_word' id='word_1_23' title='bbox 714 1537 820 1590; x_wconf 86' lang='lat' dir='ltr'>Niniani</span> <span class='ocrx_word' id='word_1_24' title='bbox 831 1537 960 1590; x_wconf 87' lang='lat' dir='ltr'>solemnia.</span> 
     </span>
     <span class='ocr_line' id='line_1_6' title="bbox 359 1619 1004 1688; baseline -0.006 -14"><span class='ocrx_word' id='word_1_25' title='bbox 359 1624 445 1675; x_wconf 83' lang='lat' dir='ltr'>Trinae</span> <span class='ocrx_word' id='word_1_26' title='bbox 457 1623 525 1674; x_wconf 86' lang='lat' dir='ltr'>vocis</span> <span class='ocrx_word' id='word_1_27' title='bbox 536 1622 645 1688; x_wconf 88' lang='lat' dir='ltr'>tripudio</span> <span class='ocrx_word' id='word_1_28' title='bbox 660 1620 665 1687; x_wconf 88' lang='grc' dir='ltr'>Ι</span> <span class='ocrx_word' id='word_1_29' title='bbox 678 1622 779 1672; x_wconf 86' lang='lat' dir='ltr'>laudum</span> <span class='ocrx_word' id='word_1_30' title='bbox 792 1630 865 1672; x_wconf 88' lang='lat' dir='ltr'>sonat</span> <span class='ocrx_word' id='word_1_31' title='bbox 876 1619 1004 1686; x_wconf 83' lang='lat' dir='ltr'>obsequia,</span> 
     </span>
     <span class='ocr_line' id='line_1_7' title="bbox 361 1702 1070 1771; baseline -0.007 -14"><span class='ocrx_word' id='word_1_32' title='bbox 361 1706 398 1758; x_wconf 88' lang='lat' dir='ltr'>Ut</span> <span class='ocrx_word' id='word_1_33' title='bbox 410 1721 488 1766; x_wconf 87' lang='lat' dir='ltr'>mens,</span> <span class='ocrx_word' id='word_1_34' title='bbox 502 1705 595 1771; x_wconf 89' lang='lat' dir='ltr'>lingua,</span> <span class='ocrx_word' id='word_1_35' title='bbox 609 1712 635 1755; x_wconf 92' lang='lat' dir='ltr'>et</span> <span class='ocrx_word' id='word_1_36' title='bbox 645 1705 712 1756; x_wconf 87' lang='lat' dir='ltr'>actio</span> <span class='ocrx_word' id='word_1_37' title='bbox 726 1702 731 1769; x_wconf 90' lang='grc' dir='ltr'>Ι</span> <span class='ocrx_word' id='word_1_38' title='bbox 744 1705 798 1770; x_wconf 85' lang='lat' dir='ltr'>pari</span> <span class='ocrx_word' id='word_1_39' title='bbox 809 1703 961 1754; x_wconf 85' lang='lat' dir='ltr'>concordent</span> <span class='ocrx_word' id='word_1_40' title='bbox 972 1702 1070 1769; x_wconf 66' lang='lat' dir='ltr'>gloriar</span> 
     </span>
     <span class='ocr_line' id='line_1_8' title="bbox 361 1786 991 1852; baseline -0.006 -12"><span class='ocrx_word' id='word_1_41' title='bbox 361 1788 473 1840; x_wconf 76' lang='lat' dir='ltr'>Placebit</span> <span class='ocrx_word' id='word_1_42' title='bbox 484 1788 521 1840; x_wconf 87' lang='lat' dir='ltr'>sic</span> <span class='ocrx_word' id='word_1_43' title='bbox 531 1787 643 1839; x_wconf 89' lang='lat' dir='ltr'>laudatio</span> <span class='ocrx_word' id='word_1_44' title='bbox 658 1786 663 1852; x_wconf 92' lang='grc' dir='ltr'>Ι</span> <span class='ocrx_word' id='word_1_45' title='bbox 677 1788 741 1848; x_wconf 90' lang='lat' dir='ltr'>Deo,</span> <span class='ocrx_word' id='word_1_46' title='bbox 756 1786 870 1838; x_wconf 82' lang='lat' dir='ltr'>reddenti</span> <span class='ocrx_word' id='word_1_47' title='bbox 881 1786 991 1852; x_wconf 85' lang='lat' dir='ltr'>praemia.</span> 
     </span>
     <span class='ocr_line' id='line_1_9' title="bbox 538 1869 798 1935; baseline -0.004 -15"><span class='ocrx_word' id='word_1_48' title='bbox 538 1871 579 1921; x_wconf 90' lang='lat' dir='ltr'>Pr.</span> <span class='ocrx_word' id='word_1_49' title='bbox 595 1870 708 1921; x_wconf 75' lang='lat' dir='ltr'>laudate</span> <span class='ocrx_word' id='word_1_50' title='bbox 720 1869 798 1935; x_wconf 87' lang='lat' dir='ltr'>pueri.</span> 
     </span>
     <span class='ocr_line' id='line_1_10' title="bbox 262 1949 1047 2017; baseline -0.001 -15"><span class='ocrx_word' id='word_1_51' title='bbox 262 1953 327 2002; x_wconf 80' lang='lat' dir='ltr'>Ant.</span> <span class='ocrx_word' id='word_1_52' title='bbox 363 1952 410 2004; x_wconf 86' lang='lat' dir='ltr'>ille</span> <span class='ocrx_word' id='word_1_53' title='bbox 421 1951 549 2003; x_wconf 85' lang='lat' dir='ltr'><strong>Pictorum</strong></span> <span class='ocrx_word' id='word_1_54' title='bbox 560 1953 676 2003; x_wconf 77' lang='lat' dir='ltr'>tenebras</span> <span class='ocrx_word' id='word_1_55' title='bbox 689 1951 694 2016; x_wconf 94' lang='grc' dir='ltr'>Ι</span> <span class='ocrx_word' id='word_1_56' title='bbox 709 1952 786 2017; x_wconf 81' lang='lat' dir='ltr'>fugat,</span> <span class='ocrx_word' id='word_1_57' title='bbox 800 1952 863 2002; x_wconf 87' lang='lat' dir='ltr'>dans</span> <span class='ocrx_word' id='word_1_58' title='bbox 873 1950 932 2001; x_wconf 82' lang='lat' dir='ltr'>vitae</span> <span class='ocrx_word' id='word_1_59' title='bbox 943 1949 1047 2012; x_wconf 86' lang='lat' dir='ltr'>monita,</span> 
     </span>
     <span class='ocr_line' id='line_1_11' title="bbox 360 2031 1131 2099; baseline -0.004 -13"><span class='ocrx_word' id='word_1_60' title='bbox 360 2035 451 2086; x_wconf 87' lang='lat' dir='ltr'>Mundi</span> <span class='ocrx_word' id='word_1_61' title='bbox 462 2043 626 2086; x_wconf 87' lang='lat' dir='ltr'>contemnens</span> <span class='ocrx_word' id='word_1_62' title='bbox 635 2034 779 2096; x_wconf 74' lang='lat' dir='ltr'>blanditias,</span> <span class='ocrx_word' id='word_1_63' title='bbox 796 2033 801 2099; x_wconf 97' lang='grc' dir='ltr'>Ι</span> <span class='ocrx_word' id='word_1_64' title='bbox 815 2034 865 2084; x_wconf 86' lang='lat' dir='ltr'>dux</span> <span class='ocrx_word' id='word_1_65' title='bbox 876 2034 957 2099; x_wconf 87' lang='lat' dir='ltr'>plebia</span> <span class='ocrx_word' id='word_1_66' title='bbox 968 2033 1000 2083; x_wconf 88' lang='lat' dir='ltr'>ad</span> <span class='ocrx_word' id='word_1_67' title='bbox 1011 2031 1131 2084; x_wconf 85' lang='lat' dir='ltr'>coelestia.</span> 
     </span>
     <span class='ocr_line' id='line_1_12' title="bbox 540 2117 1066 2182; baseline -0.002 -14"><span class='ocrx_word' id='word_1_68' title='bbox 540 2119 580 2168; x_wconf 86' lang='lat' dir='ltr'>Pr.</span> <span class='ocrx_word' id='word_1_69' title='bbox 596 2117 710 2168; x_wconf 74' lang='lat' dir='ltr'>laudate</span> <span class='ocrx_word' id='word_1_70' title='bbox 722 2117 860 2167; x_wconf 89' lang='lat' dir='ltr'>Dominum</span> <span class='ocrx_word' id='word_1_71' title='bbox 872 2132 960 2168; x_wconf 79' lang='lat' dir='ltr'>omnes</span> <span class='ocrx_word' id='word_1_72' title='bbox 970 2122 1066 2182; x_wconf 87' lang='lat' dir='ltr'>gentes.</span> 
     </span>
     <span class='ocr_line' id='line_1_13' title="bbox 262 2198 1022 2266; baseline 0.001 -17"><span class='ocrx_word' id='word_1_73' title='bbox 262 2200 326 2252; x_wconf 75' lang='lat' dir='ltr'>Ant.</span> <span class='ocrx_word' id='word_1_74' title='bbox 361 2199 421 2250; x_wconf 71' lang='lat' dir='ltr'>tuta</span> <span class='ocrx_word' id='word_1_75' title='bbox 432 2200 557 2266; x_wconf 81' lang='lat' dir='ltr'>praecessit</span> <span class='ocrx_word' id='word_1_76' title='bbox 569 2200 689 2266; x_wconf 88' lang='lat' dir='ltr'>populum</span> <span class='ocrx_word' id='word_1_77' title='bbox 704 2198 709 2264; x_wconf 98' lang='grc' dir='ltr'>Ι</span> <span class='ocrx_word' id='word_1_78' title='bbox 722 2200 759 2252; x_wconf 89' lang='lat' dir='ltr'>sic</span> <span class='ocrx_word' id='word_1_79' title='bbox 769 2199 902 2251; x_wconf 73' lang='lat' dir='ltr'>sanctitate</span> <span class='ocrx_word' id='word_1_80' title='bbox 914 2199 1022 2265; x_wconf 83' lang='lat' dir='ltr'>praevia:</span> 
     </span>
     <span class='ocr_line' id='line_1_14' title="bbox 360 2279 1114 2347; baseline -0.004 -14"><span class='ocrx_word' id='word_1_81' title='bbox 360 2282 436 2333; x_wconf 88' lang='lat' dir='ltr'>Nunc</span> <span class='ocrx_word' id='word_1_82' title='bbox 447 2282 530 2333; x_wconf 90' lang='lat' dir='ltr'>haurit</span> <span class='ocrx_word' id='word_1_83' title='bbox 540 2281 567 2332; x_wconf 90' lang='lat' dir='ltr'>iu</span> <span class='ocrx_word' id='word_1_84' title='bbox 579 2289 604 2333; x_wconf 89' lang='lat' dir='ltr'>te</span> <span class='ocrx_word' id='word_1_85' title='bbox 615 2282 732 2347; x_wconf 85' lang='lat' dir='ltr'>poculum</span> <span class='ocrx_word' id='word_1_86' title='bbox 746 2281 751 2347; x_wconf 96' lang='grc' dir='ltr'>Ι</span> <span class='ocrx_word' id='word_1_87' title='bbox 766 2282 816 2333; x_wconf 88' lang='lat' dir='ltr'>dux</span> <span class='ocrx_word' id='word_1_88' title='bbox 828 2298 885 2333; x_wconf 90' lang='lat' dir='ltr'>curn</span> <span class='ocrx_word' id='word_1_89' title='bbox 896 2281 978 2332; x_wconf 87' lang='lat' dir='ltr'>ductis</span> <span class='ocrx_word' id='word_1_90' title='bbox 989 2280 1015 2331; x_wconf 91' lang='lat' dir='ltr'>in</span> <span class='ocrx_word' id='word_1_91' title='bbox 1026 2279 1114 2347; x_wconf 83' lang='lat' dir='ltr'>patria.</span> 
     </span>
     <span class='ocr_line' id='line_1_15' title="bbox 538 2363 789 2415; baseline 0.008 -2"><span class='ocrx_word' id='word_1_92' title='bbox 538 2365 581 2414; x_wconf 83' lang='lat' dir='ltr'>Pr.</span> <span class='ocrx_word' id='word_1_93' title='bbox 596 2364 684 2414; x_wconf 73' lang='lat' dir='ltr'>lauda</span> <span class='ocrx_word' id='word_1_94' title='bbox 695 2363 789 2415; x_wconf 88' lang='lat' dir='ltr'>anima.</span> 
     </span>
     <span class='ocr_line' id='line_1_16' title="bbox 263 2445 1008 2513; baseline 0.004 -18"><span class='ocrx_word' id='word_1_95' title='bbox 263 2446 288 2495; x_wconf 86' lang='lat' dir='ltr'><em>A</em></span> <span class='ocrx_word' id='word_1_96' title='bbox 291 2451 327 2496; x_wconf 78' lang='lat' dir='ltr'>nt.</span> <span class='ocrx_word' id='word_1_97' title='bbox 362 2446 447 2497; x_wconf 83' lang='lat' dir='ltr'>Tanto</span> <span class='ocrx_word' id='word_1_98' title='bbox 457 2451 564 2512; x_wconf 84' lang='lat' dir='ltr'>patrono</span> <span class='ocrx_word' id='word_1_99' title='bbox 575 2447 694 2512; x_wconf 88' lang='lat' dir='ltr'>plaudere</span> <span class='ocrx_word' id='word_1_100' title='bbox 707 2445 712 2511; x_wconf 96' lang='grc' dir='ltr'>Ι</span> <span class='ocrx_word' id='word_1_101' title='bbox 724 2447 780 2513; x_wconf 89' lang='lat' dir='ltr'>jure</span> <span class='ocrx_word' id='word_1_102' title='bbox 791 2447 877 2508; x_wconf 85' lang='lat' dir='ltr'>debes,</span> <span class='ocrx_word' id='word_1_103' title='bbox 889 2445 1008 2508; x_wconf 77' lang='lat' dir='ltr'>Albania,</span> 
     </span>
     <span class='ocr_line' id='line_1_17' title="bbox 360 2527 1060 2583; baseline 0 -3"><span class='ocrx_word' id='word_1_104' title='bbox 360 2530 453 2580; x_wconf 86' lang='lat' dir='ltr'>Secura</span> <span class='ocrx_word' id='word_1_105' title='bbox 463 2529 533 2579; x_wconf 84' lang='lat' dir='ltr'>salva</span> <span class='ocrx_word' id='word_1_106' title='bbox 544 2528 630 2580; x_wconf 81' lang='lat' dir='ltr'>sistere</span> <span class='ocrx_word' id='word_1_107' title='bbox 643 2527 648 2583; x_wconf 91' lang='grc'>1</span> <span class='ocrx_word' id='word_1_108' title='bbox 663 2529 723 2580; x_wconf 90' lang='lat' dir='ltr'>dum</span> <span class='ocrx_word' id='word_1_109' title='bbox 735 2529 798 2580; x_wconf 87' lang='lat' dir='ltr'>vitas</span> <span class='ocrx_word' id='word_1_110' title='bbox 809 2530 868 2580; x_wconf 84' lang='lat' dir='ltr'>vitae</span> <span class='ocrx_word' id='word_1_111' title='bbox 878 2529 959 2580; x_wconf 85' lang='lat' dir='ltr'>devia.</span> <span class='ocrx_word' id='word_1_112' title='bbox 1057 2531 1060 2535; x_wconf 87' lang='grc'>’</span> 
     </span>
     <span class='ocr_line' id='line_1_18' title="bbox 536 2611 1091 2679; baseline 0.004 -17"><span class='ocrx_word' id='word_1_113' title='bbox 536 2613 578 2662; x_wconf 85' lang='lat' dir='ltr'>Ps.</span> <span class='ocrx_word' id='word_1_114' title='bbox 593 2612 707 2663; x_wconf 75' lang='lat' dir='ltr'>laudate</span> <span class='ocrx_word' id='word_1_115' title='bbox 720 2612 858 2663; x_wconf 86' lang='lat' dir='ltr'>Dominum</span> <span class='ocrx_word' id='word_1_116' title='bbox 870 2612 991 2679; x_wconf 85' lang='lat' dir='ltr'>quoniam</span> <span class='ocrx_word' id='word_1_117' title='bbox 1001 2611 1091 2664; x_wconf 77' lang='lat' dir='ltr'>bonus</span> 
     </span>
     <span class='ocr_line' id='line_1_19' title="bbox 263 2693 1007 2760; baseline 0.001 -16"><span class='ocrx_word' id='word_1_118' title='bbox 263 2695 326 2745; x_wconf 80' lang='lat' dir='ltr'>Ant.</span> <span class='ocrx_word' id='word_1_119' title='bbox 361 2693 404 2744; x_wconf 77' lang='lat' dir='ltr'>nd</span> <span class='ocrx_word' id='word_1_120' title='bbox 415 2694 493 2745; x_wconf 71' lang='lat' dir='ltr'>coelos</span> <span class='ocrx_word' id='word_1_121' title='bbox 504 2693 614 2760; x_wconf 79' lang='lat' dir='ltr'>migrans</span> <span class='ocrx_word' id='word_1_122' title='bbox 625 2694 700 2745; x_wconf 91' lang='lat' dir='ltr'>hodie</span> <span class='ocrx_word' id='word_1_123' title='bbox 714 2693 719 2759; x_wconf 98' lang='grc' dir='ltr'>Ι</span> <span class='ocrx_word' id='word_1_124' title='bbox 734 2694 854 2745; x_wconf 87' lang='lat' dir='ltr'>locandus</span> <span class='ocrx_word' id='word_1_125' title='bbox 864 2694 890 2744; x_wconf 88' lang='lat' dir='ltr'>in</span> <span class='ocrx_word' id='word_1_126' title='bbox 902 2694 1007 2757; x_wconf 88' lang='lat' dir='ltr'>deliciis,</span> 
     </span>
     <span class='ocr_line' id='line_1_20' title="bbox 359 2773 977 2843; baseline 0.002 -17"><span class='ocrx_word' id='word_1_127' title='bbox 359 2775 402 2826; x_wconf 84' lang='lat' dir='ltr'>Ad</span> <span class='ocrx_word' id='word_1_128' title='bbox 413 2792 495 2827; x_wconf 87' lang='lat' dir='ltr'>mores</span> <span class='ocrx_word' id='word_1_129' title='bbox 506 2776 545 2827; x_wconf 86' lang='lat' dir='ltr'>Iac</span> <span class='ocrx_word' id='word_1_130' title='bbox 557 2777 669 2842; x_wconf 88' lang='lat' dir='ltr'>quotidie</span> <span class='ocrx_word' id='word_1_131' title='bbox 684 2773 689 2840; x_wconf 99' lang='grc' dir='ltr'>Ι</span> <span class='ocrx_word' id='word_1_132' title='bbox 702 2777 809 2843; x_wconf 91' lang='lat' dir='ltr'>migrare</span> <span class='ocrx_word' id='word_1_133' title='bbox 820 2792 867 2827; x_wconf 88' lang='lat' dir='ltr'>nos</span> <span class='ocrx_word' id='word_1_134' title='bbox 877 2794 893 2828; x_wconf 87' lang='lat' dir='ltr'>a</span> <span class='ocrx_word' id='word_1_135' title='bbox 903 2776 977 2827; x_wconf 76' lang='lat' dir='ltr'>vitiis</span> 
     </span>
     <span class='ocr_line' id='line_1_21' title="bbox 539 2859 867 2911; baseline 0.003 -2"><span class='ocrx_word' id='word_1_136' title='bbox 539 2861 582 2911; x_wconf 86' lang='lat' dir='ltr'>Pr.</span> <span class='ocrx_word' id='word_1_137' title='bbox 597 2859 685 2910; x_wconf 72' lang='lat' dir='ltr'>lauda</span> <span class='ocrx_word' id='word_1_138' title='bbox 699 2859 867 2911; x_wconf 85' lang='lat' dir='ltr'>Hierusalem.</span> 
     </span>
     <span class='ocr_line' id='line_1_22' title="bbox 216 2940 577 3006; baseline 0 -15"><span class='ocrx_word' id='word_1_139' title='bbox 216 2940 365 3005; x_wconf 76' lang='lat' dir='ltr'>Capitulum</span> <span class='ocrx_word' id='word_1_140' title='bbox 381 2941 466 2993; x_wconf 80' lang='lat' dir='ltr'>Unius</span> <span class='ocrx_word' id='word_1_141' title='bbox 484 2940 577 3006; x_wconf 70' lang='lat' dir='ltr'>Consus.</span> 
     </span>
     <span class='ocr_line' id='line_1_23' title="bbox 224 3023 807 3089; baseline 0 -15"><span class='ocrx_word' id='word_1_142' title='bbox 224 3024 324 3089; x_wconf 82' lang='lat' dir='ltr'>Rerpnr.</span> <span class='ocrx_word' id='word_1_143' title='bbox 360 3024 436 3087; x_wconf 89' lang='lat' dir='ltr'>Quod</span> <span class='ocrx_word' id='word_1_144' title='bbox 447 3025 568 3074; x_wconf 85' lang='lat' dir='ltr'>cambuca</span> <span class='ocrx_word' id='word_1_145' title='bbox 579 3023 617 3074; x_wconf 83' lang='lat' dir='ltr'>vir</span> <span class='ocrx_word' id='word_1_146' title='bbox 630 3023 678 3074; x_wconf 89' lang='lat' dir='ltr'>Dei</span> <span class='ocrx_word' id='word_1_147' title='bbox 690 3023 807 3086; x_wconf 89' lang='lat' dir='ltr'>circueat,</span> 
     </span>
     <span class='ocr_line' id='line_1_24' title="bbox 359 3105 809 3171; baseline 0.002 -17"><span class='ocrx_word' id='word_1_148' title='bbox 359 3106 457 3156; x_wconf 80' lang='lat' dir='ltr'>Taurus</span> <span class='ocrx_word' id='word_1_149' title='bbox 468 3114 551 3156; x_wconf 87' lang='lat' dir='ltr'>eustos</span> <span class='ocrx_word' id='word_1_150' title='bbox 562 3113 702 3156; x_wconf 88' lang='lat' dir='ltr'>armentum</span> <span class='ocrx_word' id='word_1_151' title='bbox 715 3105 809 3171; x_wconf 83' lang='lat' dir='ltr'>vigilat,</span> 
     </span>
     <span class='ocr_line' id='line_1_25' title="bbox 359 3189 847 3254; baseline -0.002 -16"><span class='ocrx_word' id='word_1_152' title='bbox 359 3189 409 3252; x_wconf 89' lang='lat' dir='ltr'>Qui</span> <span class='ocrx_word' id='word_1_153' title='bbox 420 3189 525 3238; x_wconf 86' lang='lat' dir='ltr'>latronis</span> <span class='ocrx_word' id='word_1_154' title='bbox 536 3189 595 3238; x_wconf 89' lang='lat' dir='ltr'>dum</span> <span class='ocrx_word' id='word_1_155' title='bbox 607 3197 720 3239; x_wconf 84' lang='lat' dir='ltr'>ventrem</span> <span class='ocrx_word' id='word_1_156' title='bbox 731 3189 847 3254; x_wconf 76' lang='lat' dir='ltr'>perforat,</span> 
     </span>
     <span class='ocr_line' id='line_1_26' title="bbox 359 3263 723 3330; baseline 0.005 -12"><span class='ocrx_word' id='word_1_157' title='bbox 359 3263 490 3320; x_wconf 80' lang='lat' dir='ltr'>Infelicem</span> <span class='ocrx_word' id='word_1_158' title='bbox 502 3271 568 3319; x_wconf 91' lang='lat' dir='ltr'>ultor</span> <span class='ocrx_word' id='word_1_159' title='bbox 579 3271 705 3320; x_wconf 83' lang='lat' dir='ltr'>exanimat</span> <span class='ocrx_word' id='word_1_160' title='bbox 715 3288 723 3330; x_wconf 74' lang='lat'><em>3</em></span> 
     </span>
     <span class='ocr_line' id='line_1_27' title="bbox 359 3351 781 3412; baseline 0.007 -13"><span class='ocrx_word' id='word_1_161' title='bbox 359 3351 421 3400; x_wconf 84' lang='lat' dir='ltr'>Mox</span> <span class='ocrx_word' id='word_1_162' title='bbox 433 3351 540 3401; x_wconf 89' lang='lat' dir='ltr'>cadaver</span> <span class='ocrx_word' id='word_1_163' title='bbox 551 3360 651 3401; x_wconf 87' lang='lat' dir='ltr'>sanctus</span> <span class='ocrx_word' id='word_1_164' title='bbox 663 3351 781 3412; x_wconf 84' lang='lat' dir='ltr'>vivificat,</span> 
     </span>
     <span class='ocr_line' id='line_1_28' title="bbox 360 3433 851 3485; baseline 0.002 -1"><span class='ocrx_word' id='word_1_165' title='bbox 360 3433 463 3484; x_wconf 87' lang='lat' dir='ltr'>Saulum</span> <span class='ocrx_word' id='word_1_166' title='bbox 475 3443 587 3483; x_wconf 88' lang='lat' dir='ltr'>sternens</span> <span class='ocrx_word' id='word_1_167' title='bbox 600 3434 704 3483; x_wconf 89' lang='lat' dir='ltr'>Paulum</span> <span class='ocrx_word' id='word_1_168' title='bbox 717 3434 851 3485; x_wconf 84' lang='lat' dir='ltr'>resuscitat.</span> 
     </span>
     <span class='ocr_line' id='line_1_29' title="bbox 228 3511 847 3579; baseline 0.003 -17"><span class='ocrx_word' id='word_1_169' title='bbox 228 3511 324 3563; x_wconf 82' lang='lat' dir='ltr'>Versus.</span> <span class='ocrx_word' id='word_1_170' title='bbox 361 3513 462 3578; x_wconf 79' lang='lat' dir='ltr'>Insigne</span> <span class='ocrx_word' id='word_1_171' title='bbox 474 3515 567 3578; x_wconf 84' lang='lat' dir='ltr'>geritur</span> <span class='ocrx_word' id='word_1_172' title='bbox 578 3514 677 3579; x_wconf 90' lang='lat' dir='ltr'>signum</span> <span class='ocrx_word' id='word_1_173' title='bbox 689 3515 847 3565; x_wconf 87' lang='lat' dir='ltr'>certaminis:</span> 
     </span>
     <span class='ocr_line' id='line_1_30' title="bbox 360 3596 848 3662; baseline 0.006 -18"><span class='ocrx_word' id='word_1_174' title='bbox 360 3596 408 3646; x_wconf 86' lang='lat' dir='ltr'>Pes</span> <span class='ocrx_word' id='word_1_175' title='bbox 419 3612 479 3645; x_wconf 85' lang='lat' dir='ltr'>saxo</span> <span class='ocrx_word' id='word_1_176' title='bbox 488 3596 600 3662; x_wconf 91' lang='lat' dir='ltr'>jungitur</span> <span class='ocrx_word' id='word_1_177' title='bbox 612 3597 683 3647; x_wconf 87' lang='lat' dir='ltr'>bovis</span> <span class='ocrx_word' id='word_1_178' title='bbox 694 3605 719 3648; x_wconf 93' lang='lat' dir='ltr'>et</span> <span class='ocrx_word' id='word_1_179' title='bbox 731 3597 848 3647; x_wconf 88' lang='lat' dir='ltr'>hominis.</span> 
     </span>
     <span class='ocr_line' id='line_1_31' title="bbox 361 3679 540 3730; baseline 0.011 -3"><span class='ocrx_word' id='word_1_180' title='bbox 361 3679 430 3730; x_wconf 86' lang='lat' dir='ltr'>Mox.</span> <span class='ocrx_word' id='word_1_181' title='bbox 445 3679 540 3730; x_wconf 85' lang='lat' dir='ltr'>Gloria.</span> 
     </span>
     <span class='ocr_line' id='line_1_32' title="bbox 213 3758 935 3826; baseline 0.003 -17"><span class='ocrx_word' id='word_1_182' title='bbox 213 3758 341 3822; x_wconf 65' lang='lat' dir='ltr'>llymnur.</span> <span class='ocrx_word' id='word_1_183' title='bbox 572 3759 680 3821; x_wconf 89' lang='lat' dir='ltr'>Christe,</span> <span class='ocrx_word' id='word_1_184' title='bbox 694 3760 738 3826; x_wconf 92' lang='lat' dir='ltr'>qui</span> <span class='ocrx_word' id='word_1_185' title='bbox 750 3760 935 3826; x_wconf 82' lang='lat' dir='ltr'>rexesgloriae,</span> 
     </span>
     <span class='ocr_line' id='line_1_33' title="bbox 570 3842 941 3907; baseline 0 -16"><span class='ocrx_word' id='word_1_186' title='bbox 570 3842 654 3907; x_wconf 87' lang='lat' dir='ltr'>Caput</span> <span class='ocrx_word' id='word_1_187' title='bbox 666 3851 808 3893; x_wconf 87' lang='lat' dir='ltr'>sanctorum</span> <span class='ocrx_word' id='word_1_188' title='bbox 820 3842 941 3902; x_wconf 87' lang='lat' dir='ltr'>omnium,</span> 
     </span>
     <span class='ocr_line' id='line_1_34' title="bbox 569 3923 832 3988; baseline 0.008 -16"><span class='ocrx_word' id='word_1_189' title='bbox 569 3924 609 3973; x_wconf 85' lang='lat' dir='ltr'>Tu</span> <span class='ocrx_word' id='word_1_190' title='bbox 623 3923 734 3974; x_wconf 86' lang='lat' dir='ltr'>Niniano</span> <span class='ocrx_word' id='word_1_191' title='bbox 746 3925 832 3988; x_wconf 86' lang='lat' dir='ltr'>gratiae</span> 
     </span>
     <span class='ocr_line' id='line_1_35' title="bbox 569 4006 885 4071; baseline 0.006 -16"><span class='ocrx_word' id='word_1_192' title='bbox 569 4006 632 4055; x_wconf 82' lang='lat' dir='ltr'>Tuae</span> <span class='ocrx_word' id='word_1_193' title='bbox 643 4006 734 4056; x_wconf 87' lang='lat' dir='ltr'>dedisti</span> <span class='ocrx_word' id='word_1_194' title='bbox 747 4007 885 4071; x_wconf 88' lang='lat' dir='ltr'>praemium.</span> 
     </span>
     <span class='ocr_line' id='line_1_36' title="bbox 570 4088 849 4154; baseline 0.004 -16"><span class='ocrx_word' id='word_1_195' title='bbox 570 4088 647 4138; x_wconf 86' lang='lat' dir='ltr'>Ortus</span> <span class='ocrx_word' id='word_1_196' title='bbox 659 4089 735 4154; x_wconf 90' lang='lat' dir='ltr'>regali</span> <span class='ocrx_word' id='word_1_197' title='bbox 747 4089 849 4147; x_wconf 85' lang='lat' dir='ltr'>semine,</span> 
     </span>
     <span class='ocr_line' id='line_1_37' title="bbox 569 4171 887 4236; baseline 0 -15"><span class='ocrx_word' id='word_1_198' title='bbox 569 4171 644 4221; x_wconf 81' lang='lat' dir='ltr'>Clare</span> <span class='ocrx_word' id='word_1_199' title='bbox 657 4188 717 4236; x_wconf 91' lang='lat' dir='ltr'>puer</span> <span class='ocrx_word' id='word_1_200' title='bbox 728 4179 765 4221; x_wconf 88' lang='lat' dir='ltr'>est</span> <span class='ocrx_word' id='word_1_201' title='bbox 778 4171 869 4221; x_wconf 91' lang='lat' dir='ltr'>indolis</span> <span class='ocrx_word' id='word_1_202' title='bbox 879 4189 887 4232; x_wconf 89' lang='lat'>;</span> 
     </span>
     <span class='ocr_line' id='line_1_38' title="bbox 569 4253 842 4303; baseline 0.007 -2"><span class='ocrx_word' id='word_1_203' title='bbox 569 4253 615 4302; x_wconf 90' lang='lat' dir='ltr'>Vir</span> <span class='ocrx_word' id='word_1_204' title='bbox 626 4254 738 4303; x_wconf 83' lang='lat' dir='ltr'>veritatis</span> <span class='ocrx_word' id='word_1_205' title='bbox 750 4253 842 4303; x_wconf 89' lang='lat' dir='ltr'>lumine</span> 
     </span>
     <span class='ocr_line' id='line_1_39' title="bbox 569 4335 915 4401; baseline 0.009 -18"><span class='ocrx_word' id='word_1_206' title='bbox 569 4335 621 4384; x_wconf 92' lang='lat' dir='ltr'>Dat</span> <span class='ocrx_word' id='word_1_207' title='bbox 633 4336 710 4386; x_wconf 84' lang='lat' dir='ltr'>vitam</span> <span class='ocrx_word' id='word_1_208' title='bbox 724 4345 808 4401; x_wconf 89' lang='lat' dir='ltr'>pastor</span> <span class='ocrx_word' id='word_1_209' title='bbox 819 4335 915 4397; x_wconf 87' lang='lat' dir='ltr'>ineolis,</span> 
     </span>
    </p>
   </div>
   <div class='ocr_carea' id='block_1_6' title="bbox 439 4545 1157 4606">
    <p class='ocr_par' dir='ltr' id='par_1_6' title="bbox 439 4545 1157 4606">
     <span class='ocr_line' id='line_1_40' title="bbox 439 4545 1157 4606; baseline 0.004 -17"><span class='ocrx_word' id='word_1_210' title='bbox 439 4554 449 4582; x_wconf 84' lang='lat'><em>¹</em></span> <span class='ocrx_word' id='word_1_211' title='bbox 464 4545 527 4590; x_wconf 81' lang='lat' dir='ltr'>From</span> <span class='ocrx_word' id='word_1_212' title='bbox 536 4546 572 4591; x_wconf 84' lang='lat' dir='ltr'>tbe</span> <span class='ocrx_word' id='word_1_213' title='bbox 582 4547 712 4593; x_wconf 78' lang='lat' dir='ltr'>Breviariuar</span> <span class='ocrx_word' id='word_1_214' title='bbox 721 4551 878 4603; x_wconf 80' lang='lat' dir='ltr'>Aberdouaase,</span> <span class='ocrx_word' id='word_1_215' title='bbox 888 4564 936 4606; x_wconf 78' lang='lat' dir='ltr'>pars</span> <span class='ocrx_word' id='word_1_216' title='bbox 945 4549 1028 4604; x_wconf 77' lang='lat' dir='ltr'>uestis..</span> <span class='ocrx_word' id='word_1_217' title='bbox 1037 4550 1074 4594; x_wconf 79' lang='lat' dir='ltr'>iol.</span> <span class='ocrx_word' id='word_1_218' title='bbox 1085 4549 1157 4594; x_wconf 83' lang='lat' dir='ltr'><strong>CVII.</strong></span> 
     </span>
    </p>
   </div>
   <div class='ocr_carea' id='block_1_7' title="bbox 0 0 1618 5520">
    <p class='ocr_par' dir='ltr' id='par_1_7' title="bbox 0 0 1618 5520">
     <span class='ocr_line' id='line_1_41' title="bbox 0 0 1618 5520; baseline 0 3"><span class='ocrx_word' id='word_1_219' title='bbox 0 0 1618 5520; x_wconf 95' lang='lat' dir='ltr'> </span> 
     </span>
    </p>
   </div>
  </div>
 </body>
</html>
