<?xml version="1.0" encoding="UTF-8"?>
<!DOCTYPE html PUBLIC "-//W3C//DTD XHTML 1.0 Transitional//EN"
    "http://www.w3.org/TR/xhtml1/DTD/xhtml1-transitional.dtd">
<html xmlns="http://www.w3.org/1999/xhtml" xml:lang="en" lang="en">
 <head>
  <title>
</title>
<meta http-equiv="Content-Type" content="text/html;charset=utf-8" />
  <meta name='ocr-system' content='tesseract 3.04.00' />
  <meta name='ocr-capabilities' content='ocr_page ocr_carea ocr_par ocr_line ocrx_word'/>
</head>
<body>
  <div class='ocr_page' id='page_1' title='image "./pinkertonslives00pinkgoog_0212.png"; bbox 0 0 3226 5520; ppageno 0'>
   <div class='ocr_carea' id='block_1_1' title="bbox 619 456 1348 543">
    <p class='ocr_par' dir='ltr' id='par_1_1' title="bbox 619 456 1348 543">
     <span class='ocr_line' id='line_1_1' title="bbox 619 456 1348 543; baseline 0.003 -19"><span class='ocrx_word' id='word_1_1' title='bbox 619 456 929 525; x_wconf 86' lang='lat' dir='ltr'><strong>COLUMBAE.</strong></span> <span class='ocrx_word' id='word_1_2' title='bbox 1293 474 1348 543; x_wconf 66' lang='grc' dir='ltr'>[μ</span> 
     </span>
    </p>
   </div>
   <div class='ocr_carea' id='block_1_2' title="bbox 189 664 1354 1270">
    <p class='ocr_par' dir='ltr' id='par_1_2' title="bbox 189 664 1354 1270">
     <span class='ocr_line' id='line_1_2' title="bbox 190 664 1353 749; baseline 0.003 -19"><span class='ocrx_word' id='word_1_3' title='bbox 190 685 291 748; x_wconf 87' lang='lat' dir='ltr'>quam</span> <span class='ocrx_word' id='word_1_4' title='bbox 303 666 400 731; x_wconf 90' lang='lat' dir='ltr'>unius</span> <span class='ocrx_word' id='word_1_5' title='bbox 411 665 536 731; x_wconf 91' lang='lat' dir='ltr'>contuli</span> <span class='ocrx_word' id='word_1_6' title='bbox 553 664 734 749; x_wconf 83' lang='lat' dir='ltr'><strong>longitudo.</strong></span> <span class='ocrx_word' id='word_1_7' title='bbox 781 666 912 732; x_wconf 77' lang='lat' dir='ltr'>Fratres</span> <span class='ocrx_word' id='word_1_8' title='bbox 927 675 1009 745; x_wconf 90' lang='lat' dir='ltr'>tum,</span> <span class='ocrx_word' id='word_1_9' title='bbox 1021 668 1192 732; x_wconf 76' lang='lat' dir='ltr'>recessisse</span> <span class='ocrx_word' id='word_1_10' title='bbox 1202 667 1353 733; x_wconf 89' lang='lat' dir='ltr'>videntes</span> 
     </span>
     <span class='ocr_line' id='line_1_3' title="bbox 190 769 1353 852; baseline 0.003 -18"><span class='ocrx_word' id='word_1_11' title='bbox 190 770 341 847; x_wconf 87' lang='lat' dir='ltr'>bestiam,</span> <span class='ocrx_word' id='word_1_12' title='bbox 375 769 618 852; x_wconf 87' lang='lat' dir='ltr'>Lugneumque</span> <span class='ocrx_word' id='word_1_13' title='bbox 654 770 915 835; x_wconf 89' lang='lat' dir='ltr'>commilitonem</span> <span class='ocrx_word' id='word_1_14' title='bbox 946 770 988 834; x_wconf 88' lang='lat' dir='ltr'>ad</span> <span class='ocrx_word' id='word_1_15' title='bbox 1027 790 1084 834; x_wconf 91' lang='lat' dir='ltr'>eos</span> <span class='ocrx_word' id='word_1_16' title='bbox 1121 771 1282 836; x_wconf 90' lang='lat' dir='ltr'>intactum</span> <span class='ocrx_word' id='word_1_17' title='bbox 1319 781 1353 837; x_wconf 90' lang='lat' dir='ltr'>et</span> 
     </span>
     <span class='ocr_line' id='line_1_4' title="bbox 190 874 1354 957; baseline 0.001 -19"><span class='ocrx_word' id='word_1_18' title='bbox 190 874 388 938; x_wconf 92' lang='lat' dir='ltr'>incolumem</span> <span class='ocrx_word' id='word_1_19' title='bbox 416 875 449 937; x_wconf 90' lang='lat' dir='ltr'>in</span> <span class='ocrx_word' id='word_1_20' title='bbox 477 874 662 939; x_wconf 87' lang='lat' dir='ltr'>naviculam</span> <span class='ocrx_word' id='word_1_21' title='bbox 689 893 863 952; x_wconf 92' lang='lat' dir='ltr'>reversum,</span> <span class='ocrx_word' id='word_1_22' title='bbox 886 894 962 938; x_wconf 88' lang='lat' dir='ltr'>cum</span> <span class='ocrx_word' id='word_1_23' title='bbox 985 874 1112 957; x_wconf 84' lang='lat' dir='ltr'>ingenti</span> <span class='ocrx_word' id='word_1_24' title='bbox 1135 875 1354 940; x_wconf 85' lang='lat' dir='ltr'>admiratione</span> 
     </span>
     <span class='ocr_line' id='line_1_5' title="bbox 189 977 1354 1061; baseline 0 -20"><span class='ocrx_word' id='word_1_25' title='bbox 189 977 455 1061; x_wconf 86' lang='lat' dir='ltr'>glorificaverunt</span> <span class='ocrx_word' id='word_1_26' title='bbox 478 979 587 1043; x_wconf 91' lang='lat' dir='ltr'>Deum</span> <span class='ocrx_word' id='word_1_27' title='bbox 610 980 644 1041; x_wconf 92' lang='lat' dir='ltr'>in</span> <span class='ocrx_word' id='word_1_28' title='bbox 668 979 766 1043; x_wconf 86' lang='lat' dir='ltr'>beato</span> <span class='ocrx_word' id='word_1_29' title='bbox 788 980 865 1042; x_wconf 89' lang='lat' dir='ltr'>viro.</span> <span class='ocrx_word' id='word_1_30' title='bbox 911 978 979 1045; x_wconf 90' lang='lat' dir='ltr'>Sed</span> <span class='ocrx_word' id='word_1_31' title='bbox 1000 989 1033 1042; x_wconf 90' lang='lat' dir='ltr'>et</span> <span class='ocrx_word' id='word_1_32' title='bbox 1054 978 1194 1061; x_wconf 85' lang='lat' dir='ltr'>gentiles</span> <span class='ocrx_word' id='word_1_33' title='bbox 1215 979 1354 1057; x_wconf 88' lang='lat' dir='ltr'>barbari,</span> 
     </span>
     <span class='ocr_line' id='line_1_6' title="bbox 190 1083 1354 1166; baseline 0.003 -21"><span class='ocrx_word' id='word_1_34' title='bbox 190 1083 246 1164; x_wconf 91' lang='lat' dir='ltr'>qui</span> <span class='ocrx_word' id='word_1_35' title='bbox 261 1083 304 1146; x_wconf 87' lang='lat' dir='ltr'>ad</span> <span class='ocrx_word' id='word_1_36' title='bbox 320 1103 465 1165; x_wconf 84' lang='lat' dir='ltr'>praesens</span> <span class='ocrx_word' id='word_1_37' title='bbox 481 1084 618 1161; x_wconf 91' lang='lat' dir='ltr'>inerant,</span> <span class='ocrx_word' id='word_1_38' title='bbox 632 1083 782 1166; x_wconf 89' lang='lat' dir='ltr'>ejusdem</span> <span class='ocrx_word' id='word_1_39' title='bbox 799 1083 946 1147; x_wconf 89' lang='lat' dir='ltr'>miraculi</span> <span class='ocrx_word' id='word_1_40' title='bbox 963 1083 1199 1166; x_wconf 86' lang='lat' dir='ltr'>magnitudine,</span> <span class='ocrx_word' id='word_1_41' title='bbox 1214 1085 1304 1166; x_wconf 92' lang='lat' dir='ltr'>quod</span> <span class='ocrx_word' id='word_1_42' title='bbox 1320 1095 1354 1149; x_wconf 92' lang='lat' dir='ltr'>et</span> 
     </span>
     <span class='ocr_line' id='line_1_7' title="bbox 190 1185 1331 1270; baseline 0.001 -20"><span class='ocrx_word' id='word_1_43' title='bbox 190 1187 253 1270; x_wconf 91' lang='lat' dir='ltr'>ipsi</span> <span class='ocrx_word' id='word_1_44' title='bbox 268 1187 427 1266; x_wconf 85' lang='lat' dir='ltr'>viderant,</span> <span class='ocrx_word' id='word_1_45' title='bbox 439 1187 610 1270; x_wconf 90' lang='lat' dir='ltr'>compulsi,</span> <span class='ocrx_word' id='word_1_46' title='bbox 626 1186 736 1251; x_wconf 91' lang='lat' dir='ltr'>Deum</span> <span class='ocrx_word' id='word_1_47' title='bbox 753 1185 1046 1269; x_wconf 86' lang='lat' dir='ltr'>magnificaverunt</span> <span class='ocrx_word' id='word_1_48' title='bbox 1062 1185 1331 1252; x_wconf 87' lang='lat' dir='ltr'>Christianorum.</span> 
     </span>
    </p>
   </div>
   <div class='ocr_carea' id='block_1_3' title="bbox 546 1604 1008 1670">
    <p class='ocr_par' dir='ltr' id='par_1_3' title="bbox 546 1604 1008 1670">
     <span class='ocr_line' id='line_1_8' title="bbox 546 1604 1008 1670; baseline 0 0"><span class='ocrx_word' id='word_1_49' title='bbox 546 1604 744 1670; x_wconf 89' lang='lat' dir='ltr'>CAPUT</span> <span class='ocrx_word' id='word_1_50' title='bbox 782 1605 1008 1670; x_wconf 89' lang='lat' dir='ltr'><strong>XXVIII.</strong></span> 
     </span>
    </p>
   </div>
   <div class='ocr_carea' id='block_1_4' title="bbox 190 1791 1356 2089">
    <p class='ocr_par' dir='ltr' id='par_1_4' title="bbox 190 1791 1356 2089">
     <span class='ocr_line' id='line_1_9' title="bbox 190 1791 1356 1880; baseline -0.003 -21"><span class='ocrx_word' id='word_1_51' title='bbox 190 1795 242 1860; x_wconf 88' lang='lat' dir='ltr'>De</span> <span class='ocrx_word' id='word_1_52' title='bbox 264 1795 378 1860; x_wconf 76' lang='lat' dir='ltr'>insula</span> <span class='ocrx_word' id='word_1_53' title='bbox 398 1794 486 1860; x_wconf 83' lang='lat' dir='ltr'>Ione</span> <span class='ocrx_word' id='word_1_54' title='bbox 508 1795 664 1880; x_wconf 82' lang='lat' dir='ltr'>viperinis</span> <span class='ocrx_word' id='word_1_55' title='bbox 683 1795 887 1880; x_wconf 79' lang='lat' dir='ltr'>serpentibus,</span> <span class='ocrx_word' id='word_1_56' title='bbox 908 1794 975 1878; x_wconf 80' lang='lat' dir='ltr'>qui,</span> <span class='ocrx_word' id='word_1_57' title='bbox 995 1815 1036 1858; x_wconf 82' lang='lat' dir='ltr'>ex</span> <span class='ocrx_word' id='word_1_58' title='bbox 1055 1814 1120 1877; x_wconf 85' lang='lat' dir='ltr'>qua</span> <span class='ocrx_word' id='word_1_59' title='bbox 1140 1793 1192 1857; x_wconf 83' lang='lat' dir='ltr'>die</span> <span class='ocrx_word' id='word_1_60' title='bbox 1215 1791 1356 1858; x_wconf 82' lang='lat' dir='ltr'>Sanctus</span> 
     </span>
     <span class='ocr_line' id='line_1_10' title="bbox 275 1897 1356 1982; baseline -0.005 -18"><span class='ocrx_word' id='word_1_61' title='bbox 275 1921 347 1964; x_wconf 88' lang='lat' dir='ltr'>eam</span> <span class='ocrx_word' id='word_1_62' title='bbox 373 1900 540 1978; x_wconf 67' lang='lat' dir='ltr'>benedirit,</span> <span class='ocrx_word' id='word_1_63' title='bbox 563 1900 650 1964; x_wconf 82' lang='lat' dir='ltr'>nulli</span> <span class='ocrx_word' id='word_1_64' title='bbox 672 1899 838 1965; x_wconf 77' lang='lat' dir='ltr'>hominum</span> <span class='ocrx_word' id='word_1_65' title='bbox 866 1920 920 1964; x_wconf 85' lang='lat' dir='ltr'>nec</span> <span class='ocrx_word' id='word_1_66' title='bbox 942 1899 1041 1964; x_wconf 72' lang='lat' dir='ltr'>errem</span> <span class='ocrx_word' id='word_1_67' title='bbox 1064 1897 1230 1982; x_wconf 81' lang='lat' dir='ltr'>pecoribus</span> <span class='ocrx_word' id='word_1_68' title='bbox 1251 1916 1356 1960; x_wconf 86' lang='lat' dir='ltr'>necere</span> 
     </span>
     <span class='ocr_line' id='line_1_11' title="bbox 270 2015 420 2089; baseline -0.013 -18"><span class='ocrx_word' id='word_1_69' title='bbox 270 2015 420 2089; x_wconf 59' lang='lat' dir='ltr'>potuere}</span> 
     </span>
    </p>
   </div>
   <div class='ocr_carea' id='block_1_5' title="bbox 190 2174 1356 3491">
    <p class='ocr_par' dir='ltr' id='par_1_5' title="bbox 190 2174 1356 3491">
     <span class='ocr_line' id='line_1_12' title="bbox 191 2174 1355 2263; baseline -0.005 -20"><span class='ocrx_word' id='word_1_70' title='bbox 191 2177 359 2263; x_wconf 77' lang='lat' dir='ltr'><strong>QUADAM</strong></span> <span class='ocrx_word' id='word_1_71' title='bbox 371 2178 425 2242; x_wconf 90' lang='lat' dir='ltr'>die</span> <span class='ocrx_word' id='word_1_72' title='bbox 437 2178 586 2262; x_wconf 84' lang='lat' dir='ltr'>ejusdem</span> <span class='ocrx_word' id='word_1_73' title='bbox 599 2177 705 2241; x_wconf 88' lang='lat' dir='ltr'>aestivi</span> <span class='ocrx_word' id='word_1_74' title='bbox 717 2176 876 2260; x_wconf 90' lang='lat' dir='ltr'>temporis</span> <span class='ocrx_word' id='word_1_75' title='bbox 887 2197 954 2260; x_wconf 92' lang='lat' dir='ltr'>quo</span> <span class='ocrx_word' id='word_1_76' title='bbox 965 2176 1008 2240; x_wconf 91' lang='lat' dir='ltr'>ad</span> <span class='ocrx_word' id='word_1_77' title='bbox 1022 2175 1204 2240; x_wconf 91' lang='lat' dir='ltr'>Dominum</span> <span class='ocrx_word' id='word_1_78' title='bbox 1218 2174 1355 2253; x_wconf 89' lang='lat' dir='ltr'>transiit,</span> 
     </span>
     <span class='ocr_line' id='line_1_13' title="bbox 191 2279 1354 2365; baseline -0.002 -20"><span class='ocrx_word' id='word_1_79' title='bbox 191 2282 233 2346; x_wconf 90' lang='lat' dir='ltr'>ad</span> <span class='ocrx_word' id='word_1_80' title='bbox 259 2283 442 2347; x_wconf 84' lang='lat' dir='ltr'>visitandos</span> <span class='ocrx_word' id='word_1_81' title='bbox 469 2282 584 2346; x_wconf 86' lang='lat' dir='ltr'>fratres</span> <span class='ocrx_word' id='word_1_82' title='bbox 612 2281 754 2347; x_wconf 88' lang='lat' dir='ltr'>Sanctus</span> <span class='ocrx_word' id='word_1_83' title='bbox 781 2281 930 2365; x_wconf 91' lang='lat' dir='ltr'>plaustro</span> <span class='ocrx_word' id='word_1_84' title='bbox 956 2290 1069 2345; x_wconf 93' lang='lat' dir='ltr'>vectus</span> <span class='ocrx_word' id='word_1_85' title='bbox 1095 2281 1211 2364; x_wconf 87' lang='lat' dir='ltr'>pergit,</span> <span class='ocrx_word' id='word_1_86' title='bbox 1237 2281 1294 2362; x_wconf 93' lang='lat' dir='ltr'>qui</span> <span class='ocrx_word' id='word_1_87' title='bbox 1321 2279 1354 2343; x_wconf 91' lang='lat' dir='ltr'>in</span> 
     </span>
     <span class='ocr_line' id='line_1_14' title="bbox 190 2382 1354 2468; baseline 0 -20"><span class='ocrx_word' id='word_1_88' title='bbox 190 2385 343 2467; x_wconf 90' lang='lat' dir='ltr'>campulo</span> <span class='ocrx_word' id='word_1_89' title='bbox 368 2385 565 2449; x_wconf 90' lang='lat' dir='ltr'>occidentali</span> <span class='ocrx_word' id='word_1_90' title='bbox 596 2386 686 2449; x_wconf 84' lang='lat' dir='ltr'>lonae</span> <span class='ocrx_word' id='word_1_91' title='bbox 710 2385 826 2449; x_wconf 84' lang='lat' dir='ltr'>insulae</span> <span class='ocrx_word' id='word_1_92' title='bbox 848 2404 932 2468; x_wconf 93' lang='lat' dir='ltr'>opus</span> <span class='ocrx_word' id='word_1_93' title='bbox 955 2383 1124 2448; x_wconf 86' lang='lat' dir='ltr'>materiale</span> <span class='ocrx_word' id='word_1_94' title='bbox 1146 2382 1354 2448; x_wconf 84' lang='lat' dir='ltr'>exercebant.</span> 
     </span>
     <span class='ocr_line' id='line_1_15' title="bbox 192 2487 1355 2573; baseline -0.003 -19"><span class='ocrx_word' id='word_1_95' title='bbox 192 2492 272 2554; x_wconf 87' lang='lat' dir='ltr'>Post</span> <span class='ocrx_word' id='word_1_96' title='bbox 308 2510 449 2573; x_wconf 91' lang='lat' dir='ltr'>quorum</span> <span class='ocrx_word' id='word_1_97' title='bbox 486 2489 709 2555; x_wconf 90' lang='lat' dir='ltr'>consolatoria</span> <span class='ocrx_word' id='word_1_98' title='bbox 745 2511 766 2553; x_wconf 90' lang='lat' dir='ltr'>a</span> <span class='ocrx_word' id='word_1_99' title='bbox 803 2489 929 2555; x_wconf 90' lang='lat' dir='ltr'>Sancto</span> <span class='ocrx_word' id='word_1_100' title='bbox 965 2488 1094 2571; x_wconf 89' lang='lat' dir='ltr'>prolata</span> <span class='ocrx_word' id='word_1_101' title='bbox 1130 2488 1284 2570; x_wconf 90' lang='lat' dir='ltr'>alloquia,</span> <span class='ocrx_word' id='word_1_102' title='bbox 1322 2487 1355 2551; x_wconf 92' lang='lat' dir='ltr'>in</span> 
     </span>
     <span class='ocr_line' id='line_1_16' title="bbox 191 2590 1355 2671; baseline -0.003 -15"><span class='ocrx_word' id='word_1_103' title='bbox 191 2593 407 2657; x_wconf 89' lang='lat' dir='ltr'>eminentiore</span> <span class='ocrx_word' id='word_1_104' title='bbox 429 2602 521 2656; x_wconf 91' lang='lat' dir='ltr'>stans</span> <span class='ocrx_word' id='word_1_105' title='bbox 544 2593 624 2671; x_wconf 94' lang='lat' dir='ltr'>loc0,</span> <span class='ocrx_word' id='word_1_106' title='bbox 640 2593 686 2656; x_wconf 91' lang='lat' dir='ltr'>sic</span> <span class='ocrx_word' id='word_1_107' title='bbox 709 2593 915 2670; x_wconf 79' lang='lat' dir='ltr'>vaticinatur,</span> <span class='ocrx_word' id='word_1_108' title='bbox 933 2593 1065 2656; x_wconf 88' lang='lat' dir='ltr'>dicens:</span> <span class='ocrx_word' id='word_1_109' title='bbox 1090 2593 1145 2656; x_wconf 88' lang='lat' dir='ltr'>Ex</span> <span class='ocrx_word' id='word_1_110' title='bbox 1168 2592 1239 2669; x_wconf 94' lang='lat' dir='ltr'>hac,</span> <span class='ocrx_word' id='word_1_111' title='bbox 1256 2590 1355 2668; x_wconf 89' lang='lat' dir='ltr'>filioli,</span> 
     </span>
     <span class='ocr_line' id='line_1_17' title="bbox 191 2696 1354 2781; baseline -0.001 -21"><span class='ocrx_word' id='word_1_112' title='bbox 191 2698 253 2774; x_wconf 89' lang='lat' dir='ltr'>die,</span> <span class='ocrx_word' id='word_1_113' title='bbox 280 2697 348 2760; x_wconf 94' lang='lat' dir='ltr'>scio</span> <span class='ocrx_word' id='word_1_114' title='bbox 370 2698 459 2780; x_wconf 93' lang='lat' dir='ltr'>quod</span> <span class='ocrx_word' id='word_1_115' title='bbox 491 2698 523 2760; x_wconf 94' lang='lat' dir='ltr'>in</span> <span class='ocrx_word' id='word_1_116' title='bbox 552 2696 649 2780; x_wconf 89' lang='lat' dir='ltr'>hujus</span> <span class='ocrx_word' id='word_1_117' title='bbox 675 2697 819 2781; x_wconf 90' lang='lat' dir='ltr'>campuli</span> <span class='ocrx_word' id='word_1_118' title='bbox 845 2698 925 2761; x_wconf 88' lang='lat' dir='ltr'>locis</span> <span class='ocrx_word' id='word_1_119' title='bbox 952 2717 1121 2779; x_wconf 90' lang='lat' dir='ltr'>nunquam</span> <span class='ocrx_word' id='word_1_120' title='bbox 1147 2697 1297 2779; x_wconf 90' lang='lat' dir='ltr'>poteritis</span> <span class='ocrx_word' id='word_1_121' title='bbox 1321 2696 1354 2759; x_wconf 91' lang='lat' dir='ltr'>in</span> 
     </span>
     <span class='ocr_line' id='line_1_18' title="bbox 191 2800 1356 2886; baseline -0.001 -21"><span class='ocrx_word' id='word_1_122' title='bbox 191 2801 337 2865; x_wconf 83' lang='lat' dir='ltr'>futurum</span> <span class='ocrx_word' id='word_1_123' title='bbox 353 2802 464 2865; x_wconf 87' lang='lat' dir='ltr'>videre</span> <span class='ocrx_word' id='word_1_124' title='bbox 485 2801 603 2865; x_wconf 82' lang='lat' dir='ltr'>faciem</span> <span class='ocrx_word' id='word_1_125' title='bbox 628 2822 744 2866; x_wconf 90' lang='lat' dir='ltr'>meam.</span> <span class='ocrx_word' id='word_1_126' title='bbox 791 2800 896 2886; x_wconf 84' lang='lat' dir='ltr'>Quos,</span> <span class='ocrx_word' id='word_1_127' title='bbox 911 2801 974 2865; x_wconf 90' lang='lat' dir='ltr'>hoc</span> <span class='ocrx_word' id='word_1_128' title='bbox 996 2801 1112 2864; x_wconf 91' lang='lat' dir='ltr'>audito</span> <span class='ocrx_word' id='word_1_129' title='bbox 1133 2800 1243 2876; x_wconf 90' lang='lat' dir='ltr'>verbo,</span> <span class='ocrx_word' id='word_1_130' title='bbox 1258 2800 1356 2864; x_wconf 86' lang='lat' dir='ltr'>valde</span> 
     </span>
     <span class='ocr_line' id='line_1_19' title="bbox 190 2902 1356 2989; baseline -0.004 -18"><span class='ocrx_word' id='word_1_131' title='bbox 190 2905 392 2971; x_wconf 89' lang='lat' dir='ltr'>tristificatos</span> <span class='ocrx_word' id='word_1_132' title='bbox 403 2906 528 2982; x_wconf 89' lang='lat' dir='ltr'>videns,</span> <span class='ocrx_word' id='word_1_133' title='bbox 540 2905 701 2969; x_wconf 87' lang='lat' dir='ltr'>consolari</span> <span class='ocrx_word' id='word_1_134' title='bbox 714 2926 770 2969; x_wconf 91' lang='lat' dir='ltr'>eos</span> <span class='ocrx_word' id='word_1_135' title='bbox 783 2907 816 2968; x_wconf 92' lang='lat' dir='ltr'>in</span> <span class='ocrx_word' id='word_1_136' title='bbox 832 2916 994 2989; x_wconf 87' lang='lat' dir='ltr'>quantum</span> <span class='ocrx_word' id='word_1_137' title='bbox 1008 2902 1075 2967; x_wconf 88' lang='lat' dir='ltr'>fieri</span> <span class='ocrx_word' id='word_1_138' title='bbox 1091 2904 1196 2985; x_wconf 91' lang='lat' dir='ltr'>possit</span> <span class='ocrx_word' id='word_1_139' title='bbox 1207 2913 1356 2980; x_wconf 90' lang='lat' dir='ltr'>conatus,</span> 
     </span>
     <span class='ocr_line' id='line_1_20' title="bbox 192 3007 1356 3087; baseline -0.003 -14"><span class='ocrx_word' id='word_1_140' title='bbox 192 3008 308 3073; x_wconf 88' lang='lat' dir='ltr'>ambas</span> <span class='ocrx_word' id='word_1_141' title='bbox 325 3027 442 3072; x_wconf 91' lang='lat' dir='ltr'>manus</span> <span class='ocrx_word' id='word_1_142' title='bbox 453 3009 561 3073; x_wconf 88' lang='lat' dir='ltr'>elevat</span> <span class='ocrx_word' id='word_1_143' title='bbox 576 3019 716 3087; x_wconf 85' lang='lat' dir='ltr'>sanctas,</span> <span class='ocrx_word' id='word_1_144' title='bbox 728 3019 761 3073; x_wconf 94' lang='lat' dir='ltr'>et</span> <span class='ocrx_word' id='word_1_145' title='bbox 777 3018 882 3073; x_wconf 91' lang='lat' dir='ltr'>totam</span> <span class='ocrx_word' id='word_1_146' title='bbox 896 3008 981 3072; x_wconf 89' lang='lat' dir='ltr'>hanc</span> <span class='ocrx_word' id='word_1_147' title='bbox 994 3017 1140 3072; x_wconf 88' lang='lat' dir='ltr'>nostram</span> <span class='ocrx_word' id='word_1_148' title='bbox 1157 3007 1356 3071; x_wconf 89' lang='lat' dir='ltr'>benedicens</span> 
     </span>
     <span class='ocr_line' id='line_1_21' title="bbox 193 3112 1355 3196; baseline -0.002 -20"><span class='ocrx_word' id='word_1_149' title='bbox 193 3113 344 3190; x_wconf 86' lang='lat' dir='ltr'>insulam,</span> <span class='ocrx_word' id='word_1_150' title='bbox 356 3114 418 3178; x_wconf 89' lang='lat' dir='ltr'>ait:</span> <span class='ocrx_word' id='word_1_151' title='bbox 435 3113 491 3176; x_wconf 87' lang='lat' dir='ltr'>Ex</span> <span class='ocrx_word' id='word_1_152' title='bbox 504 3113 566 3177; x_wconf 91' lang='lat' dir='ltr'>hoc</span> <span class='ocrx_word' id='word_1_153' title='bbox 579 3113 677 3196; x_wconf 88' lang='lat' dir='ltr'>hujus</span> <span class='ocrx_word' id='word_1_154' title='bbox 689 3113 813 3178; x_wconf 84' lang='lat' dir='ltr'>horulae</span> <span class='ocrx_word' id='word_1_155' title='bbox 827 3122 997 3176; x_wconf 89' lang='lat' dir='ltr'>momento</span> <span class='ocrx_word' id='word_1_156' title='bbox 1008 3112 1158 3174; x_wconf 92' lang='lat' dir='ltr'>omnium</span> <span class='ocrx_word' id='word_1_157' title='bbox 1169 3112 1355 3193; x_wconf 88' lang='lat' dir='ltr'>viperarum</span> 
     </span>
     <span class='ocr_line' id='line_1_22' title="bbox 191 3215 1355 3301; baseline -0.003 -19"><span class='ocrx_word' id='word_1_158' title='bbox 191 3237 318 3282; x_wconf 90' lang='lat' dir='ltr'>venena</span> <span class='ocrx_word' id='word_1_159' title='bbox 335 3218 425 3280; x_wconf 91' lang='lat' dir='ltr'>nullo</span> <span class='ocrx_word' id='word_1_160' title='bbox 441 3218 551 3295; x_wconf 93' lang='lat' dir='ltr'>modo,</span> <span class='ocrx_word' id='word_1_161' title='bbox 567 3218 599 3282; x_wconf 92' lang='lat' dir='ltr'>in</span> <span class='ocrx_word' id='word_1_162' title='bbox 616 3217 714 3301; x_wconf 91' lang='lat' dir='ltr'>hujus</span> <span class='ocrx_word' id='word_1_163' title='bbox 737 3217 853 3281; x_wconf 84' lang='lat' dir='ltr'>insulae</span> <span class='ocrx_word' id='word_1_164' title='bbox 868 3218 1005 3295; x_wconf 90' lang='lat' dir='ltr'>terrulis,</span> <span class='ocrx_word' id='word_1_165' title='bbox 1021 3223 1079 3280; x_wconf 92' lang='lat' dir='ltr'>aut</span> <span class='ocrx_word' id='word_1_166' title='bbox 1094 3215 1282 3280; x_wconf 90' lang='lat' dir='ltr'>hominibus</span> <span class='ocrx_word' id='word_1_167' title='bbox 1298 3225 1355 3281; x_wconf 90' lang='lat' dir='ltr'>aut</span> 
     </span>
     <span class='ocr_line' id='line_1_23' title="bbox 191 3320 1355 3406; baseline -0.003 -21"><span class='ocrx_word' id='word_1_168' title='bbox 191 3321 365 3406; x_wconf 88' lang='lat' dir='ltr'>pecoribus</span> <span class='ocrx_word' id='word_1_169' title='bbox 388 3341 505 3386; x_wconf 91' lang='lat' dir='ltr'>nocerc</span> <span class='ocrx_word' id='word_1_170' title='bbox 528 3331 692 3405; x_wconf 86' lang='lat' dir='ltr'>poterunt,</span> <span class='ocrx_word' id='word_1_171' title='bbox 715 3321 851 3405; x_wconf 90' lang='lat' dir='ltr'>qamdiu</span> <span class='ocrx_word' id='word_1_172' title='bbox 876 3321 997 3387; x_wconf 88' lang='lat' dir='ltr'>Christi</span> <span class='ocrx_word' id='word_1_173' title='bbox 1023 3320 1181 3385; x_wconf 84' lang='lat' dir='ltr'>mandata</span> <span class='ocrx_word' id='word_1_174' title='bbox 1206 3320 1355 3404; x_wconf 87' lang='lat' dir='ltr'>ejusdem</span> 
     </span>
     <span class='ocr_line' id='line_1_24' title="bbox 192 3425 868 3491; baseline 0.001 -1"><span class='ocrx_word' id='word_1_175' title='bbox 192 3425 463 3491; x_wconf 88' lang='lat' dir='ltr'>commorationis</span> <span class='ocrx_word' id='word_1_176' title='bbox 479 3425 595 3490; x_wconf 85' lang='lat' dir='ltr'>incolae</span> <span class='ocrx_word' id='word_1_177' title='bbox 616 3426 868 3491; x_wconf 88' lang='lat' dir='ltr'>observaverint</span> 
     </span>
    </p>
   </div>
   <div class='ocr_carea' id='block_1_6' title="bbox 614 3795 934 3865">
    <p class='ocr_par' dir='ltr' id='par_1_6' title="bbox 614 3795 934 3865">
     <span class='ocr_line' id='line_1_25' title="bbox 614 3795 934 3865; baseline -0.013 -1"><span class='ocrx_word' id='word_1_178' title='bbox 614 3797 774 3865; x_wconf 84' lang='lat' dir='ltr'><strong>CAPUT</strong></span> <span class='ocrx_word' id='word_1_179' title='bbox 802 3795 934 3861; x_wconf 74' lang='lat' dir='ltr'>XXIX</span> 
     </span>
    </p>
   </div>
   <div class='ocr_carea' id='block_1_7' title="bbox 220 3981 1330 4073">
    <p class='ocr_par' dir='ltr' id='par_1_7' title="bbox 220 3981 1330 4073">
     <span class='ocr_line' id='line_1_26' title="bbox 220 3981 1330 4073; baseline -0.008 -20"><span class='ocrx_word' id='word_1_180' title='bbox 220 3989 272 4054; x_wconf 87' lang='lat' dir='ltr'>De</span> <span class='ocrx_word' id='word_1_181' title='bbox 282 3989 421 4073; x_wconf 77' lang='lat' dir='ltr'>pugrbne</span> <span class='ocrx_word' id='word_1_182' title='bbox 433 4010 456 4052; x_wconf 88' lang='lat' dir='ltr'><em>a</em></span> <span class='ocrx_word' id='word_1_183' title='bbox 472 3988 592 4055; x_wconf 80' lang='lat' dir='ltr'>Sancto</span> <span class='ocrx_word' id='word_1_184' title='bbox 605 4009 678 4052; x_wconf 83' lang='lat' dir='ltr'>cum</span> <span class='ocrx_word' id='word_1_185' title='bbox 693 3987 862 4052; x_wconf 77' lang='lat' dir='ltr'>dominica</span> <span class='ocrx_word' id='word_1_186' title='bbox 873 3987 976 4052; x_wconf 66' lang='lat' dir='ltr'>arens</span> <span class='ocrx_word' id='word_1_187' title='bbox 989 3984 1154 4070; x_wconf 68' lang='lat' dir='ltr'>signaculo</span> <span class='ocrx_word' id='word_1_188' title='bbox 1167 3981 1330 4048; x_wconf 79' lang='lat' dir='ltr'>benedicto.</span> 
     </span>
    </p>
   </div>
   <div class='ocr_carea' id='block_1_8' title="bbox 193 4152 1358 4343">
    <p class='ocr_par' dir='ltr' id='par_1_8' title="bbox 193 4152 1358 4343">
     <span class='ocr_line' id='line_1_27' title="bbox 193 4152 1358 4246; baseline -0.009 -20"><span class='ocrx_word' id='word_1_189' title='bbox 193 4162 291 4227; x_wconf 79' lang='lat' dir='ltr'><strong>ALIO</strong></span> <span class='ocrx_word' id='word_1_190' title='bbox 329 4164 362 4226; x_wconf 92' lang='lat' dir='ltr'>in</span> <span class='ocrx_word' id='word_1_191' title='bbox 399 4170 558 4245; x_wconf 87' lang='lat' dir='ltr'>tempore,</span> <span class='ocrx_word' id='word_1_192' title='bbox 588 4161 724 4246; x_wconf 86' lang='lat' dir='ltr'>quidam</span> <span class='ocrx_word' id='word_1_193' title='bbox 763 4160 870 4237; x_wconf 85' lang='lat' dir='ltr'>frater,</span> <span class='ocrx_word' id='word_1_194' title='bbox 907 4158 1042 4223; x_wconf 90' lang='lat' dir='ltr'>nomine</span> <span class='ocrx_word' id='word_1_195' title='bbox 1080 4154 1205 4234; x_wconf 89' lang='lat' dir='ltr'>Molua,</span> <span class='ocrx_word' id='word_1_196' title='bbox 1243 4152 1358 4237; x_wconf 89' lang='lat' dir='ltr'>Nepos</span> 
     </span>
     <span class='ocr_line' id='line_1_28' title="bbox 194 4258 1357 4343; baseline -0.007 -13"><span class='ocrx_word' id='word_1_197' title='bbox 194 4265 317 4343; x_wconf 91' lang='lat' dir='ltr'>Briuni,</span> <span class='ocrx_word' id='word_1_198' title='bbox 337 4264 380 4329; x_wconf 91' lang='lat' dir='ltr'>ad</span> <span class='ocrx_word' id='word_1_199' title='bbox 403 4264 563 4330; x_wconf 88' lang='lat' dir='ltr'>Sanctum</span> <span class='ocrx_word' id='word_1_200' title='bbox 587 4264 703 4330; x_wconf 88' lang='lat' dir='ltr'>eadem</span> <span class='ocrx_word' id='word_1_201' title='bbox 727 4263 926 4328; x_wconf 90' lang='lat' dir='ltr'>scribentem</span> <span class='ocrx_word' id='word_1_202' title='bbox 949 4262 1030 4326; x_wconf 92' lang='lat' dir='ltr'>hora</span> <span class='ocrx_word' id='word_1_203' title='bbox 1052 4260 1196 4338; x_wconf 90' lang='lat' dir='ltr'>veniens,</span> <span class='ocrx_word' id='word_1_204' title='bbox 1211 4258 1292 4322; x_wconf 90' lang='lat' dir='ltr'>dicit</span> <span class='ocrx_word' id='word_1_205' title='bbox 1314 4258 1357 4322; x_wconf 85' lang='lat' dir='ltr'>ad</span> 
     </span>
    </p>
   </div>
   <div class='ocr_carea' id='block_1_9' title="bbox 192 4457 1358 4618">
    <p class='ocr_par' dir='ltr' id='par_1_9' title="bbox 192 4457 1358 4618">
     <span class='ocr_line' id='line_1_29' title="bbox 227 4457 1358 4527; baseline -0.008 -10"><span class='ocrx_word' id='word_1_206' title='bbox 227 4481 236 4508; x_wconf 89' lang='lat'>¹</span> <span class='ocrx_word' id='word_1_207' title='bbox 251 4467 281 4517; x_wconf 91' lang='lat' dir='ltr'>In</span> <span class='ocrx_word' id='word_1_208' title='bbox 294 4468 380 4520; x_wconf 82' lang='lat' dir='ltr'>Codex</span> <span class='ocrx_word' id='word_1_209' title='bbox 392 4468 423 4518; x_wconf 88' lang='grc' dir='ltr'>Α.</span> <span class='ocrx_word' id='word_1_210' title='bbox 437 4469 481 4520; x_wconf 82' lang='lat' dir='ltr'>the</span> <span class='ocrx_word' id='word_1_211' title='bbox 492 4468 546 4519; x_wconf 85' lang='lat' dir='ltr'>title</span> <span class='ocrx_word' id='word_1_212' title='bbox 558 4468 579 4518; x_wconf 86' lang='lat' dir='ltr'>is</span> <span class='ocrx_word' id='word_1_213' title='bbox 597 4470 616 4495; x_wconf 84' lang='grc'>“</span> <span class='ocrx_word' id='word_1_214' title='bbox 624 4467 664 4518; x_wconf 89' lang='lat' dir='ltr'>De</span> <span class='ocrx_word' id='word_1_215' title='bbox 680 4466 812 4519; x_wconf 74' lang='lat' dir='ltr'>benedicte</span> <span class='ocrx_word' id='word_1_216' title='bbox 826 4483 841 4517; x_wconf 78' lang='lat' dir='ltr'>a</span> <span class='ocrx_word' id='word_1_217' title='bbox 853 4465 947 4518; x_wconf 76' lang='lat' dir='ltr'>Suncto</span> <span class='ocrx_word' id='word_1_218' title='bbox 958 4464 1032 4527; x_wconf 81' lang='lat' dir='ltr'>buius</span> <span class='ocrx_word' id='word_1_219' title='bbox 1043 4462 1131 4514; x_wconf 65' lang='lat' dir='ltr'>insola</span> <span class='ocrx_word' id='word_1_220' title='bbox 1142 4461 1234 4513; x_wconf 76' lang='lat' dir='ltr'>termle</span> <span class='ocrx_word' id='word_1_221' title='bbox 1245 4474 1277 4510; x_wconf 82' lang='lat' dir='ltr'>ne</span> <span class='ocrx_word' id='word_1_222' title='bbox 1288 4457 1358 4509; x_wconf 83' lang='lat' dir='ltr'>dein·</span> 
     </span>
     <span class='ocr_line' id='line_1_30' title="bbox 192 4548 829 4618; baseline -0.003 -17"><span class='ocrx_word' id='word_1_223' title='bbox 192 4564 252 4617; x_wconf 78' lang='lat' dir='ltr'>ceps</span> <span class='ocrx_word' id='word_1_224' title='bbox 261 4549 287 4600; x_wconf 92' lang='lat' dir='ltr'>in</span> <span class='ocrx_word' id='word_1_225' title='bbox 299 4566 329 4602; x_wconf 76' lang='lat' dir='ltr'>ee</span> <span class='ocrx_word' id='word_1_226' title='bbox 339 4551 479 4618; x_wconf 68' lang='lat' dir='ltr'>viperarum</span> <span class='ocrx_word' id='word_1_227' title='bbox 490 4550 564 4603; x_wconf 73' lang='lat' dir='ltr'>elicui</span> <span class='ocrx_word' id='word_1_228' title='bbox 575 4557 693 4601; x_wconf 83' lang='lat' dir='ltr'>nocerent</span> <span class='ocrx_word' id='word_1_229' title='bbox 704 4548 829 4601; x_wconf 81' lang='lat' dir='ltr'>venene.”</span> 
     </span>
    </p>
   </div>
   <div class='ocr_carea' id='block_1_10' title="bbox 0 0 1621 5520">
    <p class='ocr_par' dir='ltr' id='par_1_10' title="bbox 0 0 1621 5520">
     <span class='ocr_line' id='line_1_31' title="bbox 0 0 1621 5520; baseline 0 0"><span class='ocrx_word' id='word_1_230' title='bbox 0 0 1621 5520; x_wconf 95' lang='lat' dir='ltr'> </span> 
     </span>
    </p>
   </div>
  </div>
 </body>
</html>
