3226 5520
548 1234 792 1310 LECTORI
833 1233 1060 1310 EDITOR.

289 1551 384 1615 ITAE
400 1550 713 1629 SANCTORUM,
723 1552 756 1616 in
770 1552 958 1636 regionibus
971 1551 1182 1616 reformatam
1194 1551 1385 1635 religionem

330 1655 570 1738 profitentibus,
586 1656 780 1739 plerumque
803 1656 847 1719 ab
867 1655 1123 1738 elegantioribus
1139 1655 1365 1739 despiciuntur
1379 1676 1387 1735 ;

221 1779 359 1842 raroque
375 1761 475 1823 etiam
492 1761 525 1823 in
543 1773 758 1843 conspectum
775 1761 959 1823 doctiorum
977 1760 1122 1825 veniunt
1170 1759 1240 1823 Nec
1257 1761 1386 1837 mirum,

220 1862 248 1925 si
265 1864 422 1928 miracula
437 1864 581 1928 absurda
596 1873 629 1928 et
647 1863 851 1928 incredibilia
863 1864 1116 1948 perpendamus,
1128 1864 1247 1947 quibus
1259 1873 1387 1926 scatent

221 1965 409 2048 frequenter
439 1968 618 2032 illiusmodi
648 1968 780 2052 scripta
849 1967 1020 2044 Attamen,
1050 1969 1135 2032 sicut
1171 1988 1216 2031 ex
1246 1979 1387 2030 stercore
1475 2049 1478 2054 ν

221 2089 345 2147 aurum,
361 2071 449 2135 haud
467 2093 583 2155 parurn
607 2072 710 2155 frugis
726 2093 744 2136 e
759 2073 861 2156 gerris
878 2074 956 2150 istis,
973 2072 1018 2135 illi
1043 2073 1099 2155 qui
1115 2071 1294 2147 historiam,
1309 2090 1386 2152 geo·

220 2173 403 2258 graphiam,
434 2196 551 2256 mores,
582 2178 681 2241 medii
712 2191 748 2242 ut
779 2187 915 2241 vocatur
944 2178 1015 2254 aevi,
1045 2177 1206 2240 illustrare
1241 2187 1388 2253 conatur,

221 2279 393 2361 colligitur.
464 2280 554 2344 Hinc
584 2280 755 2344 clarissimi
790 2281 850 2343 viri
885 2278 1087 2357 Duchenius,
1123 2278 1323 2361 Fouquetu's,
1353 2278 1385 2340 in

222 2381 331 2447 Gallia
346 2405 353 2461 ;
378 2383 580 2448 Muratorius
596 2384 628 2447 in
644 2385 741 2449 ltalia
756 2406 764 2464 ;
789 2383 1013 2465 Langebckus
1029 2384 1062 2445 in
1079 2383 1209 2460 Dania;
1227 2381 1387 2465 multique

220 2486 276 2549 alii
306 2488 519 2570 peritissimi;
556 2489 642 2551 vitas
668 2489 822 2570 antiquas
848 2496 1048 2563 sanctorum,
1078 2487 1110 2549 in
1138 2485 1387 2550 collectionibus

221 2589 383 2654 historicis
411 2591 461 2655 vel
486 2593 632 2676 integras
653 2593 824 2667 dederunt,
847 2592 899 2656 vel
915 2600 1099 2674 excerptas.
1157 2590 1388 2673 Montesquius

221 2713 360 2776 quoque,
384 2705 418 2758 et
445 2705 557 2758 noster
584 2695 767 2774 Gibbonus,
793 2697 852 2759 viri
881 2696 1020 2761 maximi
1048 2694 1180 2778 ingenii,
1203 2694 1288 2757 vitas
1316 2695 1387 2757 illas

221 2797 396 2862 laudavere
410 2821 417 2878 ;
441 2809 474 2863 et
489 2799 578 2863 haud
595 2820 709 2883 pauca,
725 2802 767 2864 ad
791 2801 961 2864 historiam
983 2799 1165 2873 utilissima,
1182 2818 1248 2860 non
1265 2798 1388 2882 nisiex

222 2902 285 2964 illis
302 2899 448 2966 fontibus
463 2903 584 2966 hauriri
598 2924 694 2987 posse
708 2903 858 2967 latentur.
903 2903 991 2967 Nam
1004 2903 1029 2965 si
1044 2901 1201 2966 miracula
1213 2900 1389 2966 salsissima

222 3006 451 3084 concedamus,
467 3008 725 3091 haudquaquam
749 3008 896 3091 sequitur
912 3018 1031 3071 caetera
1051 3007 1093 3070 ad
1114 3006 1295 3084 historiam,
1310 3027 1389 3088 geo-

221 3110 403 3192 graphiam,
429 3131 611 3195 moresque,
638 3113 845 3195 pertinentia,
870 3113 991 3176 nullius
1016 3132 1088 3174 esse
1118 3110 1215 3187 fidei3
1249 3130 1324 3172 cum
1354 3120 1388 3175 et

223 3213 336 3278 Livius
363 3213 480 3297 plenus
506 3216 548 3278 sit
576 3216 807 3279 miraculorum
833 3217 885 3279 vel
913 3216 1147 3299 prodigiorum,
1174 3225 1208 3278 et
1231 3215 1388 3278 miracula

221 3316 420 3400 Vespasiani
436 3319 525 3402 apud
543 3319 698 3384 Taciturn
712 3321 891 3385 notissima
931 3320 1074 3385 Autores
1087 3319 1214 3401 antiqui
1225 3318 1387 3401 ejusmodi

221 3422 362 3485 vitarum
382 3423 563 3486 certissime
584 3424 765 3500 historiam,
783 3424 1030 3508 geographiam,
1049 3442 1231 3506 moresque,
1251 3430 1288 3486 ut
1310 3433 1389 3486 tunc

220 3535 314 3587 erant
331 3536 365 3588 et
381 3525 611 3603 noscebantur,
635 3526 774 3592 fideliter
790 3528 968 3592 declarant
1023 3527 1093 3590 Nec
1108 3527 1239 3590 cuidam
1258 3526 1388 3590 illorum

221 3629 254 3692 in
283 3641 429 3694 mentem
454 3631 565 3694 venire
589 3633 707 3715 potuit,
734 3632 832 3695 fidem
858 3651 953 3695 suam
976 3631 1064 3714 apud
1092 3640 1389 3714 contemporaneos

220 3733 385 3812 frustrare,
401 3754 441 3797 ea
464 3737 630 3800 narrando
652 3737 685 3799 in
709 3737 880 3810 historicis,
903 3734 1143 3819 geographicis.
1166 3734 1232 3810 dte..
1255 3754 1329 3817 quae
1345 3732 1389 3796 ab

221 3839 376 3903 omnibus
400 3836 482 3903 falsa
505 3861 576 3904 esse
600 3840 887 3924 dignoscebantur.
935 3839 1094 3902 Miracula
1115 3842 1246 3902 credere
1263 3837 1339 3901 fidei
1354 3846 1388 3901 et

222 3943 389 4023 religionis
412 3952 506 4022 erat;
537 3945 595 4008 sed
619 3955 739 4009 caetera
761 3964 956 4027 supponere,
980 3944 1032 4008 cui
1057 3943 1146 4006 bono
1172 3942 1295 4019 suisset,
1325 3940 1387 4003 nisi

222 4044 321 4109 fidem
346 4046 589 4124 miraculorum,
612 4049 890 4130 devotionemque
913 4067 992 4130 erga
1016 4058 1177 4123 sanctum,
1204 4047 1388 4127 derogare?

222 4146 275 4212 De
291 4151 341 4213 his
357 4151 437 4213 satis
453 4171 460 4228 ;
483 4172 559 4214 nam
578 4151 687 4217 nullus
703 4173 746 4216 ex
757 4151 832 4215 filiis
844 4153 1028 4228 doctorum,
1040 4152 1209 4232 utriusque
1221 4149 1389 4232 religionis

221 4253 409 4319 relormatae
446 4255 498 4319 vel
536 4258 716 4339 papisticae,
756 4258 842 4321 vitas
879 4256 1069 4340 hujusmodi
1119 4254 1277 4317 maximae
1317 4272 1389 4316 esse

222 4356 383 4434 utilitatis,
400 4359 432 4420 in
450 4359 546 4422 rebus
564 4362 662 4424 medii
679 4361 750 4436 aevi,
767 4360 901 4442 negavit
917 4379 1073 4443 unquam,
1089 4357 1140 4421 vel
1157 4357 1300 4439 negabit.

267 4461 305 4524 ln
322 4462 459 4526 historia
484 4464 583 4546 igitur
606 4464 704 4528 medii
729 4465 800 4542 aevi,
816 4466 867 4528 vel
888 4463 1002 4542 Italiae,
1017 4464 1067 4527 vel
1093 4461 1219 4538 Galliae,
1240 4461 1291 4524 vel
1309 4457 1389 4522 Ger-

222 4567 353 4646 maniae,
371 4567 545 4653 regionum
568 4568 782 4653 scriptoribus
804 4570 968 4636 historicis
989 4567 1242 4645 abundantium,
1263 4565 1291 4629 si
1307 4564 1390 4642 tales
