3226 5520
630 475 943 545 COLUMBAE.
1330 496 1370 564 ῳ

206 681 312 746 sancti
344 680 518 748 Columbae
547 692 625 748 ante
655 684 758 749 altare
788 684 906 749 stantis
935 693 969 750 et
1003 704 1130 750 sacram
1167 685 1370 751 oblationem

205 786 427 851 consecrantis
458 788 585 852 tamdiu
617 790 739 864 ardere,
765 798 801 853 et
835 791 877 854 ad
905 790 1009 855 instar
1039 791 1177 874 alicujus
1207 791 1370 855 columnae

205 910 334 954 sursum
377 891 553 955 ascendere
591 893 697 956 donec
734 892 852 956 eadem
894 892 1128 976 perficerentur
1164 904 1373 960 sacrosancta

207 995 372 1079 mysteria

594 1392 798 1468 CAPUT
846 1400 982 1466 XIII.

368 1586 550 1654 coelestibus
581 1589 759 1654 visionibus
778 1601 843 1674 per
870 1600 935 1655 tres
962 1590 1031 1654 dr'cs
1051 1591 1207 1673 fruitur.¹

205 1758 303 1827 Aulo
317 1762 418 1826 etiarn
434 1771 584 1844 tempore
600 1763 633 1826 in
660 1765 776 1827 eadem
793 1775 1023 1829 commanente
1040 1765 1147 1830 insula
1161 1767 1232 1831 viro
1247 1775 1372 1846 sancto,

203 1867 311 1948 gratia
331 1865 447 1932 Sancti
471 1866 614 1950 Spiritus
638 1886 736 1950 super
758 1887 834 1931 eum
858 1869 992 1933 abunde
1014 1878 1047 1934 et
1070 1869 1373 1954 incomparabiliter

203 1968 308 2034 effusa
332 1991 391 2054 per
416 1971 562 2035 triduum
590 1971 782 2036 mirabiliter
809 1972 931 2037 mansit
946 1994 954 2051 ;
984 1975 1030 2038 ita
1063 1982 1101 2039 ut
1127 1995 1186 2057 per
1208 1985 1274 2039 tres
1299 1976 1372 2041 dies

202 2074 410 2157 totidemque
425 2083 539 2139 noctes
554 2075 640 2139 intra
664 2076 850 2140 obseratam
867 2087 901 2141 et
919 2079 1079 2160 repletam
1096 2079 1222 2143 coelesti
1238 2079 1370 2144 claritu-

204 2179 282 2242 dine
297 2179 434 2243 domum
452 2199 598 2258 manens,
611 2179 737 2244 nullum
754 2182 796 2244 ad
813 2201 848 2244 se
864 2183 1019 2245 accedere
1035 2183 1249 2265 permitteret,
1265 2203 1372 2267 neque

202 2282 415 2358 manducans,
446 2302 553 2365 neque
583 2282 707 2346 bibens.
755 2283 807 2347 De
836 2305 903 2367 qua
932 2285 1033 2348 etiam
1064 2287 1166 2349 domo
1197 2285 1368 2350 immensae

202 2386 361 2450 claritatis
393 2386 475 2451 radii
503 2408 562 2471 per
587 2386 723 2451 rimulas
748 2387 917 2453 valvarum
945 2397 979 2452 et
1010 2389 1177 2453 clavorum
1209 2388 1371 2455 foramina

201 2500 420 2574 erumpentes,
445 2502 541 2556 nocte
564 2491 769 2570 videbantur,
792 2493 1004 2575 carminaque
1027 2493 1209 2576 spiritualia
1235 2503 1270 2558 et
1291 2504 1370 2561 ante

204 2595 354 2660 inaudita
370 2595 538 2660 decantari
563 2597 607 2661 ab
622 2617 663 2660 eo
680 2596 906 2662 audiebantur.
953 2597 1021 2663 Sed
1037 2607 1072 2662 et
1088 2598 1193 2662 multa
1208 2600 1372 2681 quaedam,

203 2707 241 2762 ut
256 2708 332 2782 post
347 2718 458 2764 coram
482 2698 649 2783 professus
664 2709 724 2777 est,
740 2710 774 2764 et
795 2701 936 2765 obscura
959 2701 1194 2784 seripturarum
1210 2711 1244 2767 et
1263 2702 1372 2786 ignor·

203 2810 259 2866 ata
274 2801 463 2869 hominibus
479 2804 639 2888 mysteria
654 2804 688 2869 in
703 2824 744 2869 eo
759 2803 833 2869 loco
848 2804 973 2870 discere
989 2804 1116 2870 meruit

595 3222 669 3291 CA
683 3224 708 3288 P
722 3223 798 3291 UT
848 3224 881 3289 X
896 3223 910 3289 1
923 3225 974 3291 V.

401 3410 564 3496 Pauperis
592 3412 734 3497 inopiam
764 3435 841 3480 vem
872 3412 1029 3480 benedt'cto
1056 3413 1163 3479 leuat.²

205 3602 373 3686 QUODAM
397 3603 497 3686 igitur
521 3615 670 3687 tempore
701 3605 837 3688 quidam
856 3604 898 3668 ad
925 3604 1085 3671 Sanctum
1109 3603 1257 3687 plebeius
1281 3602 1373 3667 venit

204 3705 442 3790 pauperrimus,
472 3718 694 3790 conquestans
723 3710 812 3791 quod
844 3708 933 3772 unde
963 3708 1115 3772 maritam
1146 3719 1179 3772 et
1217 3708 1373 3791 parvulos

203 3811 328 3874 cibaret
351 3830 417 3873 non
433 3810 585 3876 habebat.
632 3811 693 3877 Cui
709 3813 917 3895 compatiens
938 3812 1102 3894 benignus
1126 3811 1189 3875 Dei
1210 3810 1372 3876 famulus:

206 3914 344 3989 Miselle,
364 3915 419 3992 ait,
442 3914 630 3990 homunci0,
655 3915 696 3979 de
721 3916 828 3979 vicina
851 3915 933 3978 silva
960 3914 1040 3978 tolle
1064 3914 1246 3990 contulum,
1272 3925 1306 3979 et
1329 3915 1373 3979 ad

205 4037 258 4081 me
280 4018 372 4083 ocius
398 4017 495 4082 deser.
550 4018 613 4083 Cui
636 4038 756 4101 parens
781 4018 847 4095 ivit,
870 4026 904 4080 et
927 4016 1047 4081 attulit.
1093 4014 1203 4098 Quem
1229 4016 1372 4082 Sanctus

204 4122 378 4204 excipiens
414 4123 446 4185 in
473 4143 550 4186 veru
578 4123 722 4200 exacuit,
755 4132 789 4186 et
815 4121 949 4205 propria
987 4140 1087 4184 manu
1126 4121 1299 4185 benedixit
1338 4130 1373 4186 et

204 4225 296 4308 Inopi
312 4225 413 4303 dedit,
429 4226 562 4289 dicens:
587 4226 662 4290 Hoc
682 4247 761 4290 veru
784 4226 960 4309 diligenter
974 4225 1113 4300 custodi,
1133 4225 1222 4307 quod
1246 4225 1374 4289 homini

205 4349 266 4394 nec
292 4330 402 4413 pecori
426 4330 567 4409 nocebit,
591 4330 649 4393 sed
673 4339 803 4395 tantum
827 4329 903 4393 seris
925 4338 960 4393 et
982 4328 1096 4392 bestiis
1114 4337 1148 4391 et
1169 4327 1316 4411 piscibus
1337 4337 1373 4393 et

427 4579 435 4607 ¹
452 4566 518 4618 ibid.
533 4567 596 4629 111..
612 4565 653 4624 ¹86
967 4580 979 4607 ²
994 4565 1060 4618 lbid.
1075 4565 1123 4628 11.,
1136 4575 1177 4630 37.
