3226 5520
652 522 961 597 COLUMBAE.
1318 532 1394 593 211³

220 732 278 784 Deo
289 749 316 785 se
326 734 432 800 praebuit
443 753 450 786 ι
467 734 548 786 cernis
558 732 682 786 munditis
693 735 832 803 mentisque
843 734 933 787 floruit.
970 735 1020 786 Sed
1031 749 1129 786 morum
1139 733 1227 801 gratis.
1262 733 1334 798 Resp.
1348 731 1378 783 ii.

221 814 263 866 Ilii
274 816 360 868 dutum
372 817 486 883 primitus
502 832 594 869 nomen
609 824 647 869 est
664 818 802 884 vulpinum,
815 818 860 870 sed
870 825 992 869 mutatum
1003 826 1042 869 est
1053 816 1080 868 in
1091 816 1269 869 Columbinum
1280 835 1286 867 r
1306 815 1381 867 Corn·

219 898 334 964 proberit
344 899 432 951 exitus.
467 902 538 966 Resp.
552 900 594 951 s'is'.
624 899 665 951 De
675 900 800 952 Columbo
810 899 934 952 Dominus
944 901 1045 966 Angeio
1056 899 1183 950 mundavit
1194 896 1271 964 quiin
1282 896 1381 948 vinoni-

219 980 266 1030 bus
277 980 358 1046 ipsum
369 982 536 1033 confortavit:
554 981 631 1048 Cujus
648 982 724 1034 luitus
740 982 833 1034 viribus
848 983 982 1034 draconem
999 982 1111 1033 oslonrit.
1148 981 1214 1032 Vm.
1248 979 1314 1030 Ani
1330 978 1383 1029 dic·

220 1069 260 1112 tus
271 1065 384 1129 Angelus
395 1065 513 1116 Ssnctum
525 1064 659 1127 roborsvit,
673 1064 740 1116 illius
750 1065 875 1132 obsequiis
888 1065 969 1133 ipsum
985 1081 1012 1118 se
1028 1064 1184 1116 monstravit.
1219 1063 1297 1130 Cujus
1307 1061 1384 1113 initus

220 1143 321 1196 viribus.
356 1145 443 1196 Gioris
455 1146 530 1198 Petri.
566 1146 643 1214 Cujus
656 1147 732 1198 fultus
742 1147 843 1201 viribus.

220 1256 255 1306 ln
265 1256 376 1307 Secundo
385 1257 522 1308 Nicrum.

250 1356 406 1420 Ants'plona.
441 1355 586 1407 Delectatur
604 1357 672 1408 ruris
695 1357 862 1420 tribulatione,
883 1359 950 1410 reiut
971 1358 1025 1409 suri
1046 1357 1126 1423 glorie
1148 1357 1235 1408 crebrs
1258 1355 1379 1407 tunsione

220 1437 344 1488 Psaimus.
380 1438 444 1489 Cum
455 1437 603 1490 invocarem.
639 1441 795 1505 Antiphanes.
827 1443 903 1492 Mane
914 1442 1016 1491 domum
1029 1440 1132 1491 Domini
1144 1440 1251 1491 Sanctus
1262 1438 1382 1499 introivit,

219 1527 245 1570 et
256 1520 351 1571 coeiesti
362 1521 457 1571 numini
468 1521 559 1573 devote
569 1522 678 1573 servivit.
714 1524 781 1574 Psal.
812 1523 896 1575 Verbo
907 1523 1072 1574 messuribus
1081 1521 1190 1588 percipe.
1224 1520 1382 1585 Ants‘phona.

220 1601 369 1652 Columbem
389 1618 433 1667 per
454 1603 579 1668 Angelum
602 1604 673 1655 Deus
695 1603 803 1655 visitrvit
828 1605 978 1655 minoretum
1003 1604 1131 1671 paululum
1157 1604 1223 1654 ooeio
1244 1601 1381 1654 coronavit.

219 1685 314 1735 Proles.
350 1684 460 1735 Domine
470 1684 594 1735 Dominus
605 1694 696 1737 noster.
734 1686 798 1737 Vm.
828 1687 866 1738 Os
874 1686 934 1752 justi
944 1686 1104 1738 meditabitur
1115 1685 1271 1752 sapientium
1307 1685 1380 1750 Resp.

219 1766 253 1816 Et
264 1766 349 1832 lingua
357 1767 411 1832 ejus
419 1767 533 1832 loquetur
541 1766 672 1832 judicium.
708 1767 786 1819 Pater
794 1768 892 1820 Noster.
923 1768 1103 1836 ipsimpietas.
1134 1769 1203 1820 Deus
1214 1766 1384 1820 PuterOmni·

221 1856 319 1914 potens.

252 1966 317 2016 lect.
330 1966 351 2016 I
353 1965 380 2017 V.
417 1965 538 2031 Egregius
554 1980 584 2016 sc
601 1966 749 2017 senersbiiis
765 1967 803 2017 vir
819 1966 952 2028 Columbo,
965 1965 1033 2032 regis
1049 1974 1119 2017 ortus
1135 1974 1188 2018 erst
1200 1963 1334 2033 prosapie:
1351 1965 1385 2015 nb

219 2047 325 2099 infantis
339 2064 384 2098 sus
394 2047 514 2099 divinitus
524 2056 641 2109 semtus,
656 2064 702 2099 nec
713 2049 794 2100 solum
805 2048 908 2114 originis
918 2049 1041 2111 cumalis5
1061 2049 1105 2100 sed
1116 2064 1214 2100 morum
1226 2047 1383 2099 nobilitatem

220 2129 332 2181 continet
348 2144 440 2180 nomen
455 2129 524 2193 ejus:
541 2130 609 2195 quod
625 2129 712 2180 divine
727 2129 890 2196 inspiratione
905 2129 929 2181 ei
945 2129 1090 2196 impositum
1106 2137 1167 2181 erut.
1203 2128 1384 2196 Aperentibus

220 2211 313 2262 etenim
324 2211 375 2262 suis
385 2211 499 2277 primitus
510 2211 665 2262 Cremthsnu
675 2213 807 2278 uppelstus
817 2220 854 2262 est
866 2230 874 2273 ;
889 2211 958 2278 quod
971 2228 987 2262 u
999 2220 1084 2262 nostro
1095 2211 1196 2278 eloquio
1207 2211 1295 2277 vulpes
1306 2218 1384 2261 truns-

221 2293 305 2345 iertur.
341 2294 392 2346 Sed
411 2293 497 2344 divine
515 2293 646 2359 dispositio
665 2293 799 2360 inspiciens
818 2294 967 2345 vocobulum
986 2293 1053 2345 istud
1072 2310 1169 2346 morum
1186 2293 1296 2359 ejusdem
1315 2291 1385 2358 pueri

220 2374 335 2441 qunlituti
354 2391 405 2426 non
424 2390 569 2441 congruere,
586 2376 743 2442 quorundum
763 2374 894 2427 infantium
914 2376 993 2427 turbse
1015 2391 1073 2427 cum
1094 2377 1183 2428 eodem
1203 2390 1280 2441 puero
1297 2375 1384 2440 jocun-

220 2457 333 2508 dsntium
342 2456 480 2524 inspirsvit,
487 2466 513 2508 ut
520 2456 649 2523 praeistum
658 2472 751 2508 nomeu
762 2457 925 2516 Cremtbsnn,
935 2457 1003 2522 quod
1010 2457 1145 2509 secuudum
1154 2455 1384 2523 interpretstionem

220 2539 312 2600 inilsci,
325 2547 350 2590 et
361 2547 460 2590 versuto
470 2538 567 2590 bomini
577 2538 706 2605 competit,
719 2538 879 2590 immutarent
890 2546 915 2589 et
927 2540 1077 2592 columbum
1092 2539 1160 2605 quod
1171 2538 1263 2590 unctis
1274 2536 1385 2587 moribus

221 2621 340 2687 ejusdem,
354 2630 441 2688 aptum
452 2622 589 2683 videhetur,
602 2622 767 2688 imponerent.
804 2623 876 2687 Resp.
911 2622 972 2673 Tris
988 2622 1079 2673 dentur
1096 2622 1189 2673 Sancto
1200 2618 1314 2686 insignis,
1328 2617 1385 2668 Vir·

221 2702 312 2769 ginalis
327 2704 429 2770 pudoris
445 2702 534 2770 glosis,
552 2703 718 2770 praedicsndse
734 2702 821 2754 solutis
836 2702 925 2770 gretia,
943 2701 1060 2754 visitandi
1078 2704 1134 2753 locs
1149 2700 1275 2752 distentis.
1318 2699 1383 2750 Vm.

222 2786 311 2852 Msgni
330 2786 401 2838 Pauli
420 2801 526 2853 sequens
540 2785 645 2852 vestigia
664 2785 736 2852 pium
759 2792 831 2836 terme
846 2783 960 2835 lustrsvit
979 2783 1067 2850 sputis.
1114 2782 1239 2834 Visitsndi
1258 2781 1314 2833 loos
1335 2779 1385 2831 dis·

222 2868 308 2920 tsnfis.

254 2986 319 3039 bct.
340 2985 366 3038 V.
410 2986 441 3036 ln
466 2984 563 3037 cetibus
588 2985 649 3051 ejus,
663 2982 699 3036 'et
724 2983 880 3035 sermonibus
902 2982 972 3034 nulls
992 2981 1106 3034 otiositas
1128 2981 1216 3043 inerst,
1241 2996 1385 3048 praeurens

221 3069 392 3134 evangelicum
403 3076 562 3134 preceptum,
576 3083 627 3133 quo
637 3066 743 3118 dicitur:
766 3067 805 3116 De
822 3065 890 3116 omni
908 3066 984 3117 verbo
1000 3064 1081 3116 otioso
1096 3063 1165 3130 quod
1181 3063 1277 3130 loquuti
1294 3063 1385 3115 inerint

221 3151 343 3213 bomines,
357 3151 462 3203 reddent
478 3151 600 3201 rstionem
617 3150 643 3201 in
658 3149 701 3200 die
712 3148 808 3215 J'udicii.
844 3147 970 3213 Quoniam
986 3156 1069 3198 entem
1086 3146 1113 3197 in
1125 3145 1225 3213 vigitiis,
1239 3144 1266 3197 in
1282 3145 1385 3212 jejuniis

221 3233 276 3284 sine
296 3233 434 3284 oessetione
455 3231 609 3283 incumbenti
631 3231 718 3281 lustres
740 3230 928 3291 miserebuntur,
952 3228 1071 3290 dicentes,
1095 3229 1152 3295 plus
1178 3227 1285 3288 laboro,
1309 3243 1385 3294 (lusus

222 3313 293 3366 Dens
314 3322 482 3380 prseoepemt3
506 3314 589 3364 riebet
610 3312 661 3363 iliis
681 3312 784 3364 dicens:
814 3313 930 3376 Regnum
952 3311 1002 3362 Dei
1024 3310 1075 3361 vim
1099 3310 1201 3376 petitur,
1227 3319 1254 3361 et
1280 3309 1385 3361 violenti

222 3397 321 3462 sepiunt
337 3395 408 3447 iliud.
453 3396 487 3446 Et
501 3395 608 3447 iterum:
635 3395 718 3444 Nemo
734 3393 861 3444 dormiens
879 3391 1046 3454 ooronubitur,
1065 3407 1140 3443 nemo
1156 3406 1257 3443 securus
1273 3391 1385 3457 possidet

222 3494 298 3545 regns
308 3479 435 3529 ooelornm
482 3477 677 3542 Psulmogrupho
688 3475 764 3527 etism
775 3483 944 3541 protestsnter
963 3474 1028 3526 Fiiis
1039 3471 1175 3540 Bsbyionis
1185 3473 1284 3533 misere,
1296 3473 1385 3523 bertus

219 3560 263 3626 qui
282 3559 395 3610 retribuit
413 3559 459 3610 tibi
479 3559 666 3610 retributionem
685 3567 761 3618 tuem,
783 3573 859 3623 quem
878 3565 905 3608 tu
924 3554 1059 3608 retribuisti
1078 3555 1158 3606 nobis.
1203 3554 1286 3619 Quem
1305 3553 1384 3604 filium

222 3643 336 3694 miserem
347 3642 388 3693 bic
403 3642 526 3709 propbets
535 3640 759 3693 commemorarit?
799 3641 899 3706 Nempe
909 3639 1045 3690 bumensm
1061 3653 1179 3689 curnem:
1197 3651 1273 3702 quem
1284 3649 1385 3701 quoque

222 3724 409 3776 retributionem
426 3725 499 3776 nobis
516 3724 638 3785 retribuit,
651 3723 698 3775 uisi
714 3723 775 3774 vitis
791 3738 848 3789 que
859 3729 949 3773 necent
959 3722 1073 3773 enimus?
1106 3720 1203 3771 Primus
1214 3718 1282 3770 enim
1294 3733 1385 3784 purens

222 3816 306 3858 noster
327 3807 419 3868 Adum,
444 3822 488 3872 per
509 3807 593 3872 guium
617 3815 644 3857 et
670 3805 820 3873 superbiens,
850 3820 989 3871 venumque
1016 3804 1130 3870 glorium,
1153 3803 1186 3852 de
1207 3801 1323 3867 psrsdiso
1347 3808 1385 3852 est

222 3890 349 3956 repulsus:
378 3897 403 3940 et
423 3889 449 3939 in
467 3890 574 3941 eundern
594 3888 735 3955 persdisum
757 3887 830 3940 uiiter
851 3887 961 3948 introire,
983 3902 1034 3938 non
1056 3893 1138 3953 potest
1155 3883 1253 3951 uliquis,
1273 3883 1321 3934 nisi
1340 3899 1385 3950 per

222 3969 1122 4036 summumsbstinentism,bumilitatemetmundihujusdespeetionem.
1157 3968 1230 4032 Rerp.
1261 3965 1385 4017 columbe

223 4053 332 4103 moribus
343 4052 418 4114 mitis,
431 4061 456 4103 et
468 4052 576 4113 humilis,
589 4051 646 4118 pius
660 4052 800 4117 mentibus,
812 4060 839 4102 et
853 4049 950 4102 eunctis
965 4047 1088 4110 smsbiiis,
1101 4046 1210 4113 untionis
1221 4045 1337 4097 Patribus
1347 4053 1385 4097 est

222 4133 404 4200 compersbilis
447 4135 512 4184 Vm.
548 4133 630 4187 Sscris
651 4133 797 4200 virginibus,
818 4132 867 4199 piis
886 4131 1045 4192 Ductoribus,
1066 4128 1281 4197 peregrinsntibus
1302 4127 1385 4179 estitit

222 4216 311 4268 similis
321 4215 429 4281 entiquis
441 4215 562 4266 Patribus.

256 4350 321 4400 Lect.
342 4349 385 4399 VI.
421 4347 464 4399 Sic
474 4364 534 4413 ergo
545 4347 583 4399 sir
593 4346 741 4399 venerrbil‘n
752 4345 886 4408 Columba,
899 4344 972 4397 dictis
987 4343 1027 4397 bis
1042 4351 1068 4396 et
1084 4342 1214 4404 similibus,
1227 4357 1272 4394 ors
1281 4341 1385 4395 neuen

224 4430 391 4483 miserentium
403 4430 465 4495 ejus,
473 4429 612 4496 oppilsbet.
647 4428 790 4481 Emrientes
800 4436 884 4480 sutem
895 4426 969 4480 bonis
980 4427 1063 4479 slebst
1073 4425 1152 4487 escis}
1168 4424 1283 4477 doctrine
1290 4425 1386 4478 scillcet

223 4512 353 4581 spiritunii,
371 4521 397 4563 et
417 4512 614 4578 corpombiiibus
635 4511 704 4564 cibis.
748 4509 867 4564 Sitientes
888 4509 989 4578 potibus
1009 4507 1173 4570 reiodilsbst,
1192 4514 1261 4560 reste
1283 4506 1385 4575 proprie

224 4588 1386 4663 nudortqebstbospituetpsupsrubmlunumsclplebstsinbmeterroerstos
