<?xml version="1.0" encoding="UTF-8"?>
<!DOCTYPE html PUBLIC "-//W3C//DTD XHTML 1.0 Transitional//EN"
    "http://www.w3.org/TR/xhtml1/DTD/xhtml1-transitional.dtd">
<html xmlns="http://www.w3.org/1999/xhtml" xml:lang="en" lang="en">
 <head>
  <title>
</title>
<meta http-equiv="Content-Type" content="text/html;charset=utf-8" />
  <meta name='ocr-system' content='tesseract 3.04.00' />
  <meta name='ocr-capabilities' content='ocr_page ocr_carea ocr_par ocr_line ocrx_word'/>
</head>
<body>
  <div class='ocr_page' id='page_1' title='image "./pinkertonslives00pinkgoog_0134.png"; bbox 0 0 3226 5520; ppageno 0'>
   <div class='ocr_carea' id='block_1_1' title="bbox 313 1094 1204 1171">
    <p class='ocr_par' dir='ltr' id='par_1_1' title="bbox 313 1094 1204 1171">
     <span class='ocr_line' id='line_1_1' title="bbox 313 1094 1204 1171; baseline 0.001 -3"><span class='ocrx_word' id='word_1_1' title='bbox 313 1096 478 1171; x_wconf 85' lang='lat' dir='ltr'>VITA</span> <span class='ocrx_word' id='word_1_2' title='bbox 531 1095 784 1170; x_wconf 88' lang='lat' dir='ltr'>SANCTl</span> <span class='ocrx_word' id='word_1_3' title='bbox 841 1094 1204 1170; x_wconf 88' lang='lat' dir='ltr'><strong>COLUMBAE.</strong></span> 
     </span>
    </p>
   </div>
   <div class='ocr_carea' id='block_1_2' title="bbox 181 1495 1330 1565">
    <p class='ocr_par' dir='ltr' id='par_1_2' title="bbox 181 1495 1330 1565">
     <span class='ocr_line' id='line_1_2' title="bbox 181 1495 1330 1565; baseline 0.004 -6"><span class='ocrx_word' id='word_1_4' title='bbox 181 1495 325 1561; x_wconf 74' lang='lat' dir='ltr'>Ineunt</span> <span class='ocrx_word' id='word_1_5' title='bbox 342 1497 542 1562; x_wconf 73' lang='lat' dir='ltr'>PnAEnnrto</span> <span class='ocrx_word' id='word_1_6' title='bbox 559 1511 600 1562; x_wconf 81' lang='lat' dir='ltr'>tn</span> <span class='ocrx_word' id='word_1_7' title='bbox 617 1499 746 1563; x_wconf 74' lang='lat' dir='ltr'>Vmu</span> <span class='ocrx_word' id='word_1_8' title='bbox 771 1498 911 1564; x_wconf 64' lang='lat' dir='ltr'>Senem</span> <span class='ocrx_word' id='word_1_9' title='bbox 928 1497 1330 1565; x_wconf 60' lang='grc' dir='ltr'>0011111111ΕΡΙεεοΡΙ.ι</span> 
     </span>
    </p>
   </div>
   <div class='ocr_carea' id='block_1_3' title="bbox 179 1697 1350 3853">
    <p class='ocr_par' dir='ltr' id='par_1_3' title="bbox 179 1697 1350 3853">
     <span class='ocr_line' id='line_1_3' title="bbox 260 1697 1344 1784; baseline 0.002 -23"><span class='ocrx_word' id='word_1_10' title='bbox 260 1697 373 1762; x_wconf 89' lang='lat' dir='ltr'>EATI</span> <span class='ocrx_word' id='word_1_11' title='bbox 398 1700 501 1763; x_wconf 82' lang='lat' dir='ltr'><strong>nostri</strong></span> <span class='ocrx_word' id='word_1_12' title='bbox 525 1700 668 1779; x_wconf 90' lang='lat' dir='ltr'>Patroni,</span> <span class='ocrx_word' id='word_1_13' title='bbox 684 1700 817 1766; x_wconf 92' lang='lat' dir='ltr'>Christo</span> <span class='ocrx_word' id='word_1_14' title='bbox 839 1699 1050 1784; x_wconf 84' lang='lat' dir='ltr'>suffragante,</span> <span class='ocrx_word' id='word_1_15' title='bbox 1073 1701 1177 1766; x_wconf 87' lang='lat' dir='ltr'>vitam</span> <span class='ocrx_word' id='word_1_16' title='bbox 1201 1700 1344 1784; x_wconf 84' lang='lat' dir='ltr'>descrip</span> 
     </span>
     <span class='ocr_line' id='line_1_4' title="bbox 300 1802 1343 1888; baseline 0 -23"><span class='ocrx_word' id='word_1_17' title='bbox 300 1810 402 1878; x_wconf 88' lang='lat' dir='ltr'>tums,</span> <span class='ocrx_word' id='word_1_18' title='bbox 431 1802 569 1867; x_wconf 84' lang='lat' dir='ltr'><strong>fratrum</strong></span> <span class='ocrx_word' id='word_1_19' title='bbox 601 1803 862 1888; x_wconf 86' lang='lat' dir='ltr'>flagitationibus</span> <span class='ocrx_word' id='word_1_20' title='bbox 899 1805 1125 1869; x_wconf 86' lang='lat' dir='ltr'>obsecundare</span> <span class='ocrx_word' id='word_1_21' title='bbox 1154 1804 1277 1881; x_wconf 89' lang='lat' dir='ltr'>volens,</span> <span class='ocrx_word' id='word_1_22' title='bbox 1310 1803 1343 1866; x_wconf 92' lang='lat' dir='ltr'>in</span> 
     </span>
     <span class='ocr_line' id='line_1_5' title="bbox 180 1905 1344 1992; baseline 0.002 -24"><span class='ocrx_word' id='word_1_23' title='bbox 180 1905 294 1988; x_wconf 93' lang='lat' dir='ltr'>primis</span> <span class='ocrx_word' id='word_1_24' title='bbox 309 1907 450 1970; x_wconf 90' lang='lat' dir='ltr'>eandem</span> <span class='ocrx_word' id='word_1_25' title='bbox 467 1907 609 1971; x_wconf 85' lang='lat' dir='ltr'>lecturos</span> <span class='ocrx_word' id='word_1_26' title='bbox 624 1929 774 1992; x_wconf 87' lang='lat' dir='ltr'>quosque</span> <span class='ocrx_word' id='word_1_27' title='bbox 788 1910 969 1974; x_wconf 87' lang='lat' dir='ltr'>admonere</span> <span class='ocrx_word' id='word_1_28' title='bbox 984 1908 1176 1992; x_wconf 88' lang='lat' dir='ltr'>procurab0,</span> <span class='ocrx_word' id='word_1_29' title='bbox 1191 1917 1228 1971; x_wconf 95' lang='lat' dir='ltr'>ut</span> <span class='ocrx_word' id='word_1_30' title='bbox 1244 1906 1344 1971; x_wconf 88' lang='lat' dir='ltr'>fidem</span> 
     </span>
     <span class='ocr_line' id='line_1_6' title="bbox 179 2009 1345 2098; baseline 0 -24"><span class='ocrx_word' id='word_1_31' title='bbox 179 2010 276 2074; x_wconf 92' lang='lat' dir='ltr'>dictis</span> <span class='ocrx_word' id='word_1_32' title='bbox 299 2009 479 2074; x_wconf 85' lang='lat' dir='ltr'>adhibeant</span> <span class='ocrx_word' id='word_1_33' title='bbox 501 2014 689 2095; x_wconf 85' lang='lat' dir='ltr'>compertis,</span> <span class='ocrx_word' id='word_1_34' title='bbox 704 2023 737 2077; x_wconf 90' lang='lat' dir='ltr'>et</span> <span class='ocrx_word' id='word_1_35' title='bbox 760 2034 811 2078; x_wconf 89' lang='lat' dir='ltr'>res</span> <span class='ocrx_word' id='word_1_36' title='bbox 828 2014 933 2098; x_wconf 86' lang='lat' dir='ltr'>magis</span> <span class='ocrx_word' id='word_1_37' title='bbox 957 2033 1057 2096; x_wconf 92' lang='lat' dir='ltr'>quarn</span> <span class='ocrx_word' id='word_1_38' title='bbox 1082 2013 1183 2077; x_wconf 89' lang='lat' dir='ltr'>verba</span> <span class='ocrx_word' id='word_1_39' title='bbox 1204 2031 1345 2095; x_wconf 89' lang='lat' dir='ltr'>perpen-</span> 
     </span>
     <span class='ocr_line' id='line_1_7' title="bbox 179 2115 1345 2197; baseline 0 -19"><span class='ocrx_word' id='word_1_40' title='bbox 179 2115 270 2193; x_wconf 86' lang='lat' dir='ltr'>dant,</span> <span class='ocrx_word' id='word_1_41' title='bbox 306 2134 392 2197; x_wconf 83' lang='lat' dir='ltr'>quae,</span> <span class='ocrx_word' id='word_1_42' title='bbox 428 2124 466 2178; x_wconf 95' lang='lat' dir='ltr'>ut</span> <span class='ocrx_word' id='word_1_43' title='bbox 506 2117 645 2194; x_wconf 86' lang='lat' dir='ltr'>aestimo,</span> <span class='ocrx_word' id='word_1_44' title='bbox 689 2117 814 2182; x_wconf 84' lang='lat' dir='ltr'>inculta</span> <span class='ocrx_word' id='word_1_45' title='bbox 857 2125 892 2183; x_wconf 91' lang='lat' dir='ltr'>et</span> <span class='ocrx_word' id='word_1_46' title='bbox 933 2118 1010 2182; x_wconf 89' lang='lat' dir='ltr'>vilia</span> <span class='ocrx_word' id='word_1_47' title='bbox 1051 2137 1123 2181; x_wconf 88' lang='lat' dir='ltr'>esse</span> <span class='ocrx_word' id='word_1_48' title='bbox 1163 2116 1345 2193; x_wconf 89' lang='lat' dir='ltr'>videntur;</span> 
     </span>
     <span class='ocr_line' id='line_1_8' title="bbox 180 2218 1345 2305; baseline 0 -23"><span class='ocrx_word' id='word_1_49' title='bbox 180 2218 455 2301; x_wconf 84' lang='lat' dir='ltr'>meminerintque</span> <span class='ocrx_word' id='word_1_50' title='bbox 481 2238 620 2304; x_wconf 87' lang='lat' dir='ltr'>regnum</span> <span class='ocrx_word' id='word_1_51' title='bbox 647 2221 713 2285; x_wconf 90' lang='lat' dir='ltr'>Dei</span> <span class='ocrx_word' id='word_1_52' title='bbox 739 2241 805 2285; x_wconf 93' lang='lat' dir='ltr'>non</span> <span class='ocrx_word' id='word_1_53' title='bbox 833 2223 866 2284; x_wconf 95' lang='lat' dir='ltr'>in</span> <span class='ocrx_word' id='word_1_54' title='bbox 889 2221 1088 2305; x_wconf 85' lang='lat' dir='ltr'>eloquentiae</span> <span class='ocrx_word' id='word_1_55' title='bbox 1117 2219 1345 2296; x_wconf 85' lang='lat' dir='ltr'>exuberantia,</span> 
     </span>
     <span class='ocr_line' id='line_1_9' title="bbox 179 2319 1347 2407; baseline -0.001 -22"><span class='ocrx_word' id='word_1_56' title='bbox 179 2322 292 2385; x_wconf 91' lang='lat' dir='ltr'>sedin</span> <span class='ocrx_word' id='word_1_57' title='bbox 315 2319 391 2386; x_wconf 86' lang='lat' dir='ltr'>fidei</span> <span class='ocrx_word' id='word_1_58' title='bbox 418 2321 605 2387; x_wconf 89' lang='lat' dir='ltr'>florulentia</span> <span class='ocrx_word' id='word_1_59' title='bbox 628 2333 799 2402; x_wconf 88' lang='lat' dir='ltr'>constare;</span> <span class='ocrx_word' id='word_1_60' title='bbox 825 2335 859 2389; x_wconf 92' lang='lat' dir='ltr'>et</span> <span class='ocrx_word' id='word_1_61' title='bbox 885 2343 946 2388; x_wconf 92' lang='lat' dir='ltr'>nec</span> <span class='ocrx_word' id='word_1_62' title='bbox 968 2324 1013 2389; x_wconf 95' lang='lat' dir='ltr'>ob</span> <span class='ocrx_word' id='word_1_63' title='bbox 1035 2323 1147 2407; x_wconf 87' lang='lat' dir='ltr'>aliqua</span> <span class='ocrx_word' id='word_1_64' title='bbox 1170 2323 1347 2399; x_wconf 52' lang='lat' dir='ltr'>scoticana</span> 
     </span>
     <span class='ocr_line' id='line_1_10' title="bbox 179 2424 1345 2510; baseline 0.002 -22"><span class='ocrx_word' id='word_1_65' title='bbox 179 2426 253 2488; x_wconf 92' lang='lat' dir='ltr'>vilis</span> <span class='ocrx_word' id='word_1_66' title='bbox 275 2424 428 2489; x_wconf 90' lang='lat' dir='ltr'>videlicet</span> <span class='ocrx_word' id='word_1_67' title='bbox 450 2425 582 2508; x_wconf 80' lang='lat' dir='ltr'>linguae,</span> <span class='ocrx_word' id='word_1_68' title='bbox 605 2437 663 2493; x_wconf 90' lang='lat' dir='ltr'>aut</span> <span class='ocrx_word' id='word_1_69' title='bbox 685 2426 832 2492; x_wconf 88' lang='lat' dir='ltr'>humana</span> <span class='ocrx_word' id='word_1_70' title='bbox 850 2435 1017 2506; x_wconf 87' lang='lat' dir='ltr'>onomata,</span> <span class='ocrx_word' id='word_1_71' title='bbox 1033 2437 1091 2491; x_wconf 93' lang='lat' dir='ltr'>aut</span> <span class='ocrx_word' id='word_1_72' title='bbox 1106 2427 1266 2510; x_wconf 86' lang='lat' dir='ltr'>gentium,</span> <span class='ocrx_word' id='word_1_73' title='bbox 1287 2426 1345 2490; x_wconf 80' lang='lat' dir='ltr'>ob</span> 
     </span>
     <span class='ocr_line' id='line_1_11' title="bbox 180 2528 1346 2616; baseline 0.001 -24"><span class='ocrx_word' id='word_1_74' title='bbox 180 2547 275 2592; x_wconf 89' lang='lat' dir='ltr'>scura</span> <span class='ocrx_word' id='word_1_75' title='bbox 286 2528 476 2593; x_wconf 88' lang='lat' dir='ltr'>locorumve</span> <span class='ocrx_word' id='word_1_76' title='bbox 489 2531 660 2609; x_wconf 90' lang='lat' dir='ltr'>vocabula,</span> <span class='ocrx_word' id='word_1_77' title='bbox 675 2551 759 2616; x_wconf 69' lang='lat' dir='ltr'>quae,</span> <span class='ocrx_word' id='word_1_78' title='bbox 774 2541 811 2596; x_wconf 96' lang='lat' dir='ltr'>ut</span> <span class='ocrx_word' id='word_1_79' title='bbox 827 2541 918 2616; x_wconf 93' lang='lat' dir='ltr'>puto,</span> <span class='ocrx_word' id='word_1_80' title='bbox 934 2532 1019 2596; x_wconf 91' lang='lat' dir='ltr'>inter</span> <span class='ocrx_word' id='word_1_81' title='bbox 1034 2531 1116 2595; x_wconf 89' lang='lat' dir='ltr'>alias</span> <span class='ocrx_word' id='word_1_82' title='bbox 1130 2540 1319 2594; x_wconf 88' lang='lat' dir='ltr'>exterarum</span> <span class='ocrx_word' id='word_1_83' title='bbox 1334 2540 1346 2579; x_wconf 87' lang='lat'>³</span> 
     </span>
     <span class='ocr_line' id='line_1_12' title="bbox 179 2633 1347 2719; baseline 0.001 -24"><span class='ocrx_word' id='word_1_84' title='bbox 179 2633 328 2714; x_wconf 85' lang='lat' dir='ltr'>gentium</span> <span class='ocrx_word' id='word_1_85' title='bbox 345 2633 490 2698; x_wconf 87' lang='lat' dir='ltr'>diversas</span> <span class='ocrx_word' id='word_1_86' title='bbox 512 2634 674 2700; x_wconf 88' lang='lat' dir='ltr'>vilescunt</span> <span class='ocrx_word' id='word_1_87' title='bbox 697 2635 836 2719; x_wconf 85' lang='lat' dir='ltr'>linguas,</span> <span class='ocrx_word' id='word_1_88' title='bbox 859 2634 1000 2713; x_wconf 92' lang='lat' dir='ltr'>utilium,</span> <span class='ocrx_word' id='word_1_89' title='bbox 1015 2645 1050 2699; x_wconf 91' lang='lat' dir='ltr'>et</span> <span class='ocrx_word' id='word_1_90' title='bbox 1065 2655 1131 2699; x_wconf 95' lang='lat' dir='ltr'>non</span> <span class='ocrx_word' id='word_1_91' title='bbox 1148 2636 1218 2698; x_wconf 91' lang='lat' dir='ltr'>sine</span> <span class='ocrx_word' id='word_1_92' title='bbox 1233 2634 1347 2697; x_wconf 85' lang='lat' dir='ltr'>divina</span> 
     </span>
     <span class='ocr_line' id='line_1_13' title="bbox 179 2735 1346 2823; baseline 0.001 -26"><span class='ocrx_word' id='word_1_93' title='bbox 179 2735 398 2817; x_wconf 91' lang='lat' dir='ltr'>opitulatione</span> <span class='ocrx_word' id='word_1_94' title='bbox 434 2745 611 2819; x_wconf 84' lang='lat' dir='ltr'>gestarum,</span> <span class='ocrx_word' id='word_1_95' title='bbox 653 2739 838 2823; x_wconf 90' lang='lat' dir='ltr'>despiciant</span> <span class='ocrx_word' id='word_1_96' title='bbox 882 2758 990 2803; x_wconf 90' lang='lat' dir='ltr'>rerum</span> <span class='ocrx_word' id='word_1_97' title='bbox 1032 2736 1346 2821; x_wconf 88' lang='lat' dir='ltr'>pronuntiationem.</span> 
     </span>
     <span class='ocr_line' id='line_1_14' title="bbox 181 2837 1347 2925; baseline -0.003 -21"><span class='ocrx_word' id='word_1_98' title='bbox 181 2837 249 2904; x_wconf 90' lang='lat' dir='ltr'>Sed</span> <span class='ocrx_word' id='word_1_99' title='bbox 286 2848 320 2902; x_wconf 91' lang='lat' dir='ltr'>et</span> <span class='ocrx_word' id='word_1_100' title='bbox 355 2838 417 2902; x_wconf 91' lang='lat' dir='ltr'>hoc</span> <span class='ocrx_word' id='word_1_101' title='bbox 452 2839 608 2904; x_wconf 89' lang='lat' dir='ltr'>lectorem</span> <span class='ocrx_word' id='word_1_102' title='bbox 646 2840 896 2907; x_wconf 90' lang='lat' dir='ltr'>admonendum</span> <span class='ocrx_word' id='word_1_103' title='bbox 935 2841 1133 2925; x_wconf 91' lang='lat' dir='ltr'>putavimus,</span> <span class='ocrx_word' id='word_1_104' title='bbox 1176 2840 1265 2922; x_wconf 88' lang='lat' dir='ltr'>quod</span> <span class='ocrx_word' id='word_1_105' title='bbox 1304 2838 1347 2901; x_wconf 90' lang='lat' dir='ltr'>de</span> 
     </span>
     <span class='ocr_line' id='line_1_15' title="bbox 180 2940 1347 3028; baseline -0.003 -22"><span class='ocrx_word' id='word_1_106' title='bbox 180 2943 287 3006; x_wconf 87' lang='lat' dir='ltr'>beatae</span> <span class='ocrx_word' id='word_1_107' title='bbox 312 2943 480 3007; x_wconf 87' lang='lat' dir='ltr'>memoriae</span> <span class='ocrx_word' id='word_1_108' title='bbox 504 2945 576 3008; x_wconf 92' lang='lat' dir='ltr'>viro</span> <span class='ocrx_word' id='word_1_109' title='bbox 599 2944 703 3028; x_wconf 86' lang='lat' dir='ltr'>plura,</span> <span class='ocrx_word' id='word_1_110' title='bbox 728 2945 840 3008; x_wconf 91' lang='lat' dir='ltr'>studio</span> <span class='ocrx_word' id='word_1_111' title='bbox 864 2943 1042 3022; x_wconf 91' lang='lat' dir='ltr'>brevitatis,</span> <span class='ocrx_word' id='word_1_112' title='bbox 1063 2944 1166 3008; x_wconf 91' lang='lat' dir='ltr'>etiarn</span> <span class='ocrx_word' id='word_1_113' title='bbox 1187 2940 1347 3005; x_wconf 88' lang='lat' dir='ltr'>memoria</span> 
     </span>
     <span class='ocr_line' id='line_1_16' title="bbox 179 3045 1347 3132; baseline -0.002 -23"><span class='ocrx_word' id='word_1_114' title='bbox 179 3046 290 3129; x_wconf 86' lang='lat' dir='ltr'>digna,</span> <span class='ocrx_word' id='word_1_115' title='bbox 305 3066 326 3110; x_wconf 93' lang='lat' dir='ltr'>a</span> <span class='ocrx_word' id='word_1_116' title='bbox 340 3046 436 3111; x_wconf 90' lang='lat' dir='ltr'>nobis</span> <span class='ocrx_word' id='word_1_117' title='bbox 451 3049 518 3111; x_wconf 90' lang='lat' dir='ltr'>sint</span> <span class='ocrx_word' id='word_1_118' title='bbox 541 3049 769 3131; x_wconf 85' lang='lat' dir='ltr'>praetermissa,</span> <span class='ocrx_word' id='word_1_119' title='bbox 792 3056 826 3113; x_wconf 90' lang='lat' dir='ltr'>et</span> <span class='ocrx_word' id='word_1_120' title='bbox 847 3048 941 3131; x_wconf 89' lang='lat' dir='ltr'>quasi</span> <span class='ocrx_word' id='word_1_121' title='bbox 957 3068 1064 3132; x_wconf 87' lang='lat' dir='ltr'>pauca</span> <span class='ocrx_word' id='word_1_122' title='bbox 1079 3049 1122 3112; x_wconf 96' lang='lat' dir='ltr'>de</span> <span class='ocrx_word' id='word_1_123' title='bbox 1136 3045 1287 3131; x_wconf 89' lang='lat' dir='ltr'>plurimis</span> <span class='ocrx_word' id='word_1_124' title='bbox 1302 3045 1347 3108; x_wconf 92' lang='lat' dir='ltr'>ob</span> 
     </span>
     <span class='ocr_line' id='line_1_17' title="bbox 180 3149 1348 3228; baseline -0.003 -14"><span class='ocrx_word' id='word_1_125' title='bbox 180 3151 371 3216; x_wconf 90' lang='lat' dir='ltr'>evitandum</span> <span class='ocrx_word' id='word_1_126' title='bbox 395 3151 566 3216; x_wconf 76' lang='lat' dir='ltr'>fastidium</span> <span class='ocrx_word' id='word_1_127' title='bbox 591 3152 800 3228; x_wconf 90' lang='lat' dir='ltr'>lecturorum,</span> <span class='ocrx_word' id='word_1_128' title='bbox 823 3152 889 3217; x_wconf 93' lang='lat' dir='ltr'>sint</span> <span class='ocrx_word' id='word_1_129' title='bbox 912 3161 1092 3217; x_wconf 87' lang='lat' dir='ltr'>caraxata⁴</span> <span class='ocrx_word' id='word_1_130' title='bbox 1144 3151 1189 3215; x_wconf 92' lang='lat' dir='ltr'>Et</span> <span class='ocrx_word' id='word_1_131' title='bbox 1212 3149 1284 3226; x_wconf 92' lang='lat' dir='ltr'>hoc,</span> <span class='ocrx_word' id='word_1_132' title='bbox 1311 3158 1348 3212; x_wconf 94' lang='lat' dir='ltr'>ut</span> 
     </span>
     <span class='ocr_line' id='line_1_18' title="bbox 181 3253 1349 3340; baseline -0.001 -22"><span class='ocrx_word' id='word_1_133' title='bbox 181 3255 328 3332; x_wconf 89' lang='lat' dir='ltr'>arbitror,</span> <span class='ocrx_word' id='word_1_134' title='bbox 352 3257 491 3340; x_wconf 90' lang='lat' dir='ltr'>quisque</span> <span class='ocrx_word' id='word_1_135' title='bbox 514 3255 587 3320; x_wconf 86' lang='lat' dir='ltr'>haec</span> <span class='ocrx_word' id='word_1_136' title='bbox 611 3257 754 3320; x_wconf 87' lang='lat' dir='ltr'>lecturus</span> <span class='ocrx_word' id='word_1_137' title='bbox 779 3257 863 3321; x_wconf 89' lang='lat' dir='ltr'>sorte</span> <span class='ocrx_word' id='word_1_138' title='bbox 889 3255 1072 3333; x_wconf 88' lang='lat' dir='ltr'>annotabit,</span> <span class='ocrx_word' id='word_1_139' title='bbox 1093 3255 1183 3338; x_wconf 91' lang='lat' dir='ltr'>quod</span> <span class='ocrx_word' id='word_1_140' title='bbox 1210 3253 1349 3317; x_wconf 91' lang='lat' dir='ltr'>minima</span> 
     </span>
     <span class='ocr_line' id='line_1_19' title="bbox 180 3355 1349 3443; baseline -0.002 -21"><span class='ocrx_word' id='word_1_141' title='bbox 180 3359 223 3422; x_wconf 93' lang='lat' dir='ltr'>de</span> <span class='ocrx_word' id='word_1_142' title='bbox 238 3359 395 3423; x_wconf 85' lang='lat' dir='ltr'>maximis</span> <span class='ocrx_word' id='word_1_143' title='bbox 410 3379 469 3442; x_wconf 90' lang='lat' dir='ltr'>per</span> <span class='ocrx_word' id='word_1_144' title='bbox 483 3360 646 3443; x_wconf 82' lang='lat' dir='ltr'>populos⁵</span> <span class='ocrx_word' id='word_1_145' title='bbox 665 3361 762 3438; x_wconf 86' lang='lat' dir='ltr'>sama,</span> <span class='ocrx_word' id='word_1_146' title='bbox 778 3360 820 3424; x_wconf 91' lang='lat' dir='ltr'>de</span> <span class='ocrx_word' id='word_1_147' title='bbox 835 3361 952 3424; x_wconf 88' lang='lat' dir='ltr'>eodem</span> <span class='ocrx_word' id='word_1_148' title='bbox 968 3359 1068 3424; x_wconf 89' lang='lat' dir='ltr'>beato</span> <span class='ocrx_word' id='word_1_149' title='bbox 1083 3360 1154 3423; x_wconf 93' lang='lat' dir='ltr'>viro</span> <span class='ocrx_word' id='word_1_150' title='bbox 1168 3355 1349 3440; x_wconf 85' lang='lat' dir='ltr'>divulgata,</span> 
     </span>
     <span class='ocr_line' id='line_1_20' title="bbox 180 3461 1348 3547; baseline -0.003 -21"><span class='ocrx_word' id='word_1_151' title='bbox 180 3462 381 3546; x_wconf 89' lang='lat' dir='ltr'>disperserit,</span> <span class='ocrx_word' id='word_1_152' title='bbox 405 3463 449 3528; x_wconf 92' lang='lat' dir='ltr'>ad</span> <span class='ocrx_word' id='word_1_153' title='bbox 475 3463 593 3528; x_wconf 91' lang='lat' dir='ltr'>horum</span> <span class='ocrx_word' id='word_1_154' title='bbox 620 3465 722 3529; x_wconf 85' lang='lat' dir='ltr'>etiam</span> <span class='ocrx_word' id='word_1_155' title='bbox 749 3482 929 3547; x_wconf 86' lang='lat' dir='ltr'>paucorum</span> <span class='ocrx_word' id='word_1_156' title='bbox 956 3461 1249 3546; x_wconf 84' lang='lat' dir='ltr'>comparationem,</span> <span class='ocrx_word' id='word_1_157' title='bbox 1272 3480 1348 3543; x_wconf 85' lang='lat' dir='ltr'>quae</span> 
     </span>
     <span class='ocr_line' id='line_1_21' title="bbox 181 3565 1348 3652; baseline -0.002 -22"><span class='ocrx_word' id='word_1_158' title='bbox 181 3585 268 3630; x_wconf 91' lang='lat' dir='ltr'>nunc</span> <span class='ocrx_word' id='word_1_159' title='bbox 283 3566 425 3631; x_wconf 85' lang='lat' dir='ltr'>breviter</span> <span class='ocrx_word' id='word_1_160' title='bbox 443 3586 602 3632; x_wconf 85' lang='lat' dir='ltr'>caraxare</span> <span class='ocrx_word' id='word_1_161' title='bbox 624 3568 841 3652; x_wconf 85' lang='lat' dir='ltr'>disponimus</span> <span class='ocrx_word' id='word_1_162' title='bbox 888 3568 988 3646; x_wconf 90' lang='lat' dir='ltr'>Hinc,</span> <span class='ocrx_word' id='word_1_163' title='bbox 1008 3577 1085 3651; x_wconf 90' lang='lat' dir='ltr'>post</span> <span class='ocrx_word' id='word_1_164' title='bbox 1105 3567 1191 3631; x_wconf 89' lang='lat' dir='ltr'>hanc</span> <span class='ocrx_word' id='word_1_165' title='bbox 1205 3565 1348 3649; x_wconf 89' lang='lat' dir='ltr'>primam</span> 
     </span>
     <span class='ocr_line' id='line_1_22' title="bbox 181 3668 1350 3756; baseline -0.001 -23"><span class='ocrx_word' id='word_1_166' title='bbox 181 3670 474 3754; x_wconf 76' lang='lat' dir='ltr'>praefatiunculam,</span> <span class='ocrx_word' id='word_1_167' title='bbox 511 3672 555 3736; x_wconf 93' lang='lat' dir='ltr'>de</span> <span class='ocrx_word' id='word_1_168' title='bbox 592 3674 695 3737; x_wconf 91' lang='lat' dir='ltr'>nostri</span> <span class='ocrx_word' id='word_1_169' title='bbox 736 3672 909 3737; x_wconf 88' lang='lat' dir='ltr'>vocamine</span> <span class='ocrx_word' id='word_1_170' title='bbox 946 3672 1097 3756; x_wconf 82' lang='lat' dir='ltr'>praesulis</span> <span class='ocrx_word' id='word_1_171' title='bbox 1134 3672 1167 3735; x_wconf 93' lang='lat' dir='ltr'>in</span> <span class='ocrx_word' id='word_1_172' title='bbox 1207 3668 1350 3734; x_wconf 86' lang='lat' dir='ltr'>exordio</span> 
     </span>
     <span class='ocr_line' id='line_1_23' title="bbox 180 3776 988 3853; baseline 0.002 -14"><span class='ocrx_word' id='word_1_173' title='bbox 180 3776 343 3853; x_wconf 85' lang='lat' dir='ltr'>secundae,</span> <span class='ocrx_word' id='word_1_174' title='bbox 359 3776 434 3840; x_wconf 90' lang='lat' dir='ltr'>Deo</span> <span class='ocrx_word' id='word_1_175' title='bbox 449 3776 642 3853; x_wconf 87' lang='lat' dir='ltr'>auxiliante,</span> <span class='ocrx_word' id='word_1_176' title='bbox 657 3777 810 3841; x_wconf 90' lang='lat' dir='ltr'>intimare</span> <span class='ocrx_word' id='word_1_177' title='bbox 826 3776 988 3841; x_wconf 86' lang='lat' dir='ltr'>exordiar.</span> 
     </span>
    </p>
   </div>
   <div class='ocr_carea' id='block_1_4' title="bbox 178 4000 1351 4653">
    <p class='ocr_par' dir='ltr' id='par_1_4' title="bbox 178 4000 1351 4320">
     <span class='ocr_line' id='line_1_24' title="bbox 213 4000 1349 4075; baseline -0.011 -13"><span class='ocrx_word' id='word_1_178' title='bbox 213 4011 300 4062; x_wconf 85' lang='lat' dir='ltr'>¹Cod.</span> <span class='ocrx_word' id='word_1_179' title='bbox 314 4011 382 4062; x_wconf 85' lang='lat' dir='ltr'>Cott.</span> <span class='ocrx_word' id='word_1_180' title='bbox 418 4011 474 4062; x_wconf 83' lang='lat' dir='ltr'>The</span> <span class='ocrx_word' id='word_1_181' title='bbox 494 4011 549 4061; x_wconf 88' lang='lat' dir='ltr'>MS.</span> <span class='ocrx_word' id='word_1_182' title='bbox 567 4010 659 4075; x_wconf 76' lang='lat' dir='ltr'>Regius</span> <span class='ocrx_word' id='word_1_183' title='bbox 670 4018 750 4060; x_wconf 77' lang='lat' dir='ltr'>wants</span> <span class='ocrx_word' id='word_1_184' title='bbox 766 4010 842 4059; x_wconf 82' lang='lat' dir='ltr'>about</span> <span class='ocrx_word' id='word_1_185' title='bbox 858 4023 874 4057; x_wconf 78' lang='lat' dir='ltr'>e</span> <span class='ocrx_word' id='word_1_186' title='bbox 890 4005 1021 4074; x_wconf 79' lang='lat' dir='ltr'>quaternio</span> <span class='ocrx_word' id='word_1_187' title='bbox 1037 4013 1064 4056; x_wconf 79' lang='lat' dir='ltr'>et</span> <span class='ocrx_word' id='word_1_188' title='bbox 1080 4004 1123 4056; x_wconf 84' lang='lat' dir='ltr'>tlte</span> <span class='ocrx_word' id='word_1_189' title='bbox 1140 4001 1285 4069; x_wconf 71' lang='lat' dir='ltr'>beginning¹</span> <span class='ocrx_word' id='word_1_190' title='bbox 1298 4000 1349 4050; x_wconf 82' lang='lat' dir='ltr'>end</span> 
     </span>
     <span class='ocr_line' id='line_1_25' title="bbox 179 4082 1351 4160; baseline -0.009 -16"><span class='ocrx_word' id='word_1_191' title='bbox 179 4094 267 4160; x_wconf 73' lang='lat' dir='ltr'>begins</span> <span class='ocrx_word' id='word_1_192' title='bbox 277 4095 392 4160; x_wconf 81' lang='lat' dir='ltr'>abruptly</span> <span class='ocrx_word' id='word_1_193' title='bbox 401 4094 427 4144; x_wconf 91' lang='lat' dir='ltr'>in</span> <span class='ocrx_word' id='word_1_194' title='bbox 439 4094 482 4144; x_wconf 85' lang='lat' dir='ltr'>the</span> <span class='ocrx_word' id='word_1_195' title='bbox 494 4093 588 4143; x_wconf 88' lang='lat' dir='ltr'>middle</span> <span class='ocrx_word' id='word_1_196' title='bbox 601 4093 630 4142; x_wconf 86' lang='lat' dir='ltr'>oi</span> <span class='ocrx_word' id='word_1_197' title='bbox 639 4092 660 4143; x_wconf 92' lang='lat'>1.</span> <span class='ocrx_word' id='word_1_198' title='bbox 673 4105 697 4157; x_wconf 84' lang='lat'>3,</span> <span class='ocrx_word' id='word_1_199' title='bbox 710 4100 736 4143; x_wconf 80' lang='lat' dir='ltr'>at</span> <span class='ocrx_word' id='word_1_200' title='bbox 751 4094 769 4119; x_wconf 82' lang='lat'>‘⁴</span> <span class='ocrx_word' id='word_1_201' title='bbox 777 4107 815 4142; x_wconf 88' lang='lat' dir='ltr'>-ro</span> <span class='ocrx_word' id='word_1_202' title='bbox 826 4097 927 4157; x_wconf 84' lang='lat' dir='ltr'>pectore</span> <span class='ocrx_word' id='word_1_203' title='bbox 940 4086 1043 4140; x_wconf 56' lang='grc' dir='ltr'>νεών·</span> <span class='ocrx_word' id='word_1_204' title='bbox 1076 4087 1116 4138; x_wconf 86' lang='grc' dir='ltr'>Το</span> <span class='ocrx_word' id='word_1_205' title='bbox 1128 4087 1201 4136; x_wconf 78' lang='lat' dir='ltr'>make</span> <span class='ocrx_word' id='word_1_206' title='bbox 1213 4101 1247 4151; x_wconf 82' lang='lat' dir='ltr'>up</span> <span class='ocrx_word' id='word_1_207' title='bbox 1259 4084 1296 4134; x_wconf 90' lang='lat' dir='ltr'>lor</span> <span class='ocrx_word' id='word_1_208' title='bbox 1307 4082 1351 4134; x_wconf 80' lang='lat' dir='ltr'>tlte</span> 
     </span>
     <span class='ocr_line' id='line_1_26' title="bbox 178 4167 1348 4242; baseline -0.008 -14"><span class='ocrx_word' id='word_1_209' title='bbox 178 4176 323 4242; x_wconf 82' lang='lat' dir='ltr'>deiicieocy,</span> <span class='ocrx_word' id='word_1_210' title='bbox 335 4177 473 4227; x_wconf 82' lang='lat' dir='ltr'>Pinkerton</span> <span class='ocrx_word' id='word_1_211' title='bbox 483 4175 543 4227; x_wconf 84' lang='lat' dir='ltr'>used</span> <span class='ocrx_word' id='word_1_212' title='bbox 557 4176 600 4226; x_wconf 90' lang='lat' dir='ltr'>the</span> <span class='ocrx_word' id='word_1_213' title='bbox 611 4175 738 4241; x_wconf 79' lang='lat' dir='ltr'>imperfect</span> <span class='ocrx_word' id='word_1_214' title='bbox 749 4182 801 4226; x_wconf 83' lang='lat' dir='ltr'>text</span> <span class='ocrx_word' id='word_1_215' title='bbox 810 4175 838 4225; x_wconf 88' lang='lat' dir='ltr'>oi</span> <span class='ocrx_word' id='word_1_216' title='bbox 847 4172 969 4225; x_wconf 74' lang='lat' dir='ltr'>canisius</span> <span class='ocrx_word' id='word_1_217' title='bbox 1002 4172 1071 4223; x_wconf 78' lang='lat' dir='ltr'>Here</span> <span class='ocrx_word' id='word_1_218' title='bbox 1081 4170 1122 4221; x_wconf 83' lang='lat' dir='ltr'>the</span> <span class='ocrx_word' id='word_1_219' title='bbox 1131 4177 1197 4222; x_wconf 77' lang='lat' dir='ltr'>texts</span> <span class='ocrx_word' id='word_1_220' title='bbox 1204 4167 1233 4220; x_wconf 85' lang='lat' dir='ltr'>ol</span> <span class='ocrx_word' id='word_1_221' title='bbox 1241 4167 1348 4233; x_wconf 67' lang='lat' dir='ltr'>Coletu.</span> 
     </span>
     <span class='ocr_line' id='line_1_27' title="bbox 179 4256 942 4320; baseline -0.004 -11"><span class='ocrx_word' id='word_1_222' title='bbox 179 4258 222 4309; x_wconf 79' lang='lat' dir='ltr'>tlte</span> <span class='ocrx_word' id='word_1_223' title='bbox 236 4257 397 4320; x_wconf 66' lang='lat' dir='ltr'>Rossenduu,</span> <span class='ocrx_word' id='word_1_224' title='bbox 411 4259 461 4309; x_wconf 79' lang='lat' dir='ltr'>and</span> <span class='ocrx_word' id='word_1_225' title='bbox 473 4258 518 4309; x_wconf 88' lang='lat' dir='ltr'>Dr.</span> <span class='ocrx_word' id='word_1_226' title='bbox 534 4258 639 4319; x_wconf 81' lang='lat' dir='ltr'>Reeves,</span> <span class='ocrx_word' id='word_1_227' title='bbox 652 4257 716 4308; x_wconf 76' lang='lat' dir='ltr'>heve</span> <span class='ocrx_word' id='word_1_228' title='bbox 728 4257 792 4308; x_wconf 82' lang='lat' dir='ltr'>been</span> <span class='ocrx_word' id='word_1_229' title='bbox 804 4256 942 4308; x_wconf 82' lang='lat' dir='ltr'>oonsulted.</span> 
     </span>
    </p>

    <p class='ocr_par' dir='ltr' id='par_1_5' title="bbox 213 4341 512 4402">
     <span class='ocr_line' id='line_1_28' title="bbox 213 4341 512 4402; baseline 0.003 -11"><span class='ocrx_word' id='word_1_230' title='bbox 213 4354 224 4381; x_wconf 80' lang='lat'>2</span> <span class='ocrx_word' id='word_1_231' title='bbox 237 4341 304 4391; x_wconf 79' lang='lat' dir='ltr'>&#39;i&#39;hat</span> <span class='ocrx_word' id='word_1_232' title='bbox 316 4342 345 4402; x_wconf 85' lang='lat' dir='ltr'>is,</span> <span class='ocrx_word' id='word_1_233' title='bbox 360 4341 512 4392; x_wconf 74' lang='lat' dir='ltr'>ilibernicae</span> 
     </span>
    </p>

    <p class='ocr_par' dir='ltr' id='par_1_6' title="bbox 212 4422 690 4474">
     <span class='ocr_line' id='line_1_29' title="bbox 212 4422 690 4474; baseline -0.008 0"><span class='ocrx_word' id='word_1_234' title='bbox 212 4435 224 4474; x_wconf 80' lang='lat'><strong>³</strong></span> <span class='ocrx_word' id='word_1_235' title='bbox 238 4422 293 4473; x_wconf 89' lang='lat' dir='ltr'>Col.</span> <span class='ocrx_word' id='word_1_236' title='bbox 309 4423 359 4473; x_wconf 86' lang='lat' dir='ltr'>and</span> <span class='ocrx_word' id='word_1_237' title='bbox 372 4423 436 4473; x_wconf 78' lang='lat' dir='ltr'>uolt.</span> <span class='ocrx_word' id='word_1_238' title='bbox 451 4422 515 4472; x_wconf 76' lang='lat' dir='ltr'>heve</span> <span class='ocrx_word' id='word_1_239' title='bbox 526 4429 690 4471; x_wconf 72' lang='lat' dir='ltr'>externarum.</span> 
     </span>
    </p>

    <p class='ocr_par' dir='ltr' id='par_1_7' title="bbox 212 4505 559 4566">
     <span class='ocr_line' id='line_1_30' title="bbox 212 4505 559 4566; baseline -0.003 -11"><span class='ocrx_word' id='word_1_240' title='bbox 212 4519 224 4555; x_wconf 85' lang='grc'><strong>4</strong></span> <span class='ocrx_word' id='word_1_241' title='bbox 237 4521 346 4566; x_wconf 76' lang='lat' dir='ltr'>exarare,</span> <span class='ocrx_word' id='word_1_242' title='bbox 361 4507 418 4555; x_wconf 88' lang='lat' dir='ltr'>Col.</span> <span class='ocrx_word' id='word_1_243' title='bbox 433 4506 482 4554; x_wconf 82' lang='lat' dir='ltr'>and</span> <span class='ocrx_word' id='word_1_244' title='bbox 497 4505 559 4554; x_wconf 84' lang='lat' dir='ltr'>lloll.</span> 
     </span>
    </p>

    <p class='ocr_par' dir='ltr' id='par_1_8' title="bbox 213 4588 528 4653">
     <span class='ocr_line' id='line_1_31' title="bbox 213 4588 528 4653; baseline 0.003 -17"><span class='ocrx_word' id='word_1_245' title='bbox 213 4599 225 4635; x_wconf 79' lang='lat' dir='ltr'>s</span> <span class='ocrx_word' id='word_1_246' title='bbox 239 4588 366 4653; x_wconf 78' lang='lat' dir='ltr'>plurimos,</span> <span class='ocrx_word' id='word_1_247' title='bbox 380 4589 443 4640; x_wconf 71' lang='lat' dir='ltr'>cot</span> <span class='ocrx_word' id='word_1_248' title='bbox 459 4589 528 4638; x_wconf 87' lang='lat' dir='ltr'>Cott.</span> 
     </span>
    </p>
   </div>
   <div class='ocr_carea' id='block_1_5' title="bbox 0 0 1621 5520">
    <p class='ocr_par' dir='ltr' id='par_1_9' title="bbox 0 0 1621 5520">
     <span class='ocr_line' id='line_1_32' title="bbox 0 0 1621 5520; baseline 0 0"><span class='ocrx_word' id='word_1_249' title='bbox 0 0 1621 5520; x_wconf 95' lang='lat' dir='ltr'> </span> 
     </span>
    </p>
   </div>
  </div>
 </body>
</html>
