3226 5520
258 490 301 570 76
559 489 705 556 vira
738 488 1030 556 11.-PRAEF.
1063 489 1119 555 11.

260 690 490 756 Culedrebinae
520 692 666 771 bellum,⁸
699 693 807 756 aetatis
844 714 921 756 vero
951 714 1019 757 suae
1050 693 1128 770 xlii,
1157 694 1201 756 de
1237 692 1351 759 Scotia
1379 691 1423 756 ad

260 793 475 873 Britanniam,
497 816 558 879 pro
580 795 714 862 Christo
735 796 936 879 peregrinari
954 797 1091 874 volens,⁹
1114 796 1310 880 enavigavit
1356 793 1424 878 Qui

258 905 293 961 et
321 918 342 961 a
371 919 474 982 puero
511 898 699 965 Christiano
736 898 868 963 deditus
903 899 1061 976 tirocinio,
1091 908 1125 963 et
1154 899 1326 982 sapientiae
1355 907 1423 962 stu·

259 1001 322 1064 diis
345 1001 568 1086 integritatem
594 1003 739 1087 corporis
763 1012 798 1067 et
817 1003 938 1068 animae
960 1005 1148 1088 puritatem,
1171 1004 1247 1068 Deo
1268 1005 1424 1080 donante,

258 1106 457 1184 custodiens,
492 1107 644 1190 quamvis
673 1107 708 1171 in
737 1115 824 1171 terra
854 1107 991 1190 positus,
1023 1106 1213 1172 coelestibus
1242 1127 1278 1172 se
1307 1115 1423 1191 aptum

260 1209 406 1275 rnoribus
428 1210 633 1276 ostendebat
691 1211 773 1275 Erat
795 1210 883 1274 enim
906 1220 1042 1294 aspectu
1069 1210 1246 1294 angelicus,
1273 1229 1424 1274 sermone

259 1315 392 1392 nitidus,
410 1335 509 1398 opere
531 1324 673 1393 sanctus,
696 1314 830 1399 ingenio
852 1315 1007 1398 optimus,
1029 1315 1167 1379 consilio
1193 1335 1343 1399 magnus,
1366 1335 1425 1398 per

259 1438 364 1482 annos
394 1420 541 1483 xxxiv.¹⁰
569 1419 738 1484 insulanus
768 1419 863 1484 rniles
892 1428 1111 1484 conversatus
1158 1418 1296 1484 Nullurn
1322 1419 1424 1484 etiam

260 1522 357 1586 unius
382 1522 473 1586 horae
498 1521 707 1587 intervallum
738 1523 876 1588 transire
906 1531 1045 1606 poterat,
1074 1542 1141 1605 quo
1173 1542 1240 1586 non
1265 1533 1324 1587 aut
1353 1542 1424 1586 ora·

260 1627 343 1690 tioni
373 1635 431 1690 aut
457 1627 599 1704 lectioni,
624 1627 676 1691 vel
704 1627 884 1710 scriptioni,
909 1627 962 1690 vel
989 1627 1090 1690 etiam
1113 1625 1210 1690 alicui
1232 1626 1426 1709 operationi,

260 1729 471 1794 incumberet
525 1729 775 1813 Jejunationurn
812 1751 944 1814 quoque
973 1739 1008 1794 et
1037 1729 1223 1814 vigiliarum
1253 1729 1426 1794 indefessis

260 1832 445 1898 laboribus¹
459 1834 530 1897 sine
546 1834 614 1898 ulla
629 1834 870 1898 intermissione
885 1834 940 1898 die
952 1844 1117 1916 noctuque
1130 1835 1177 1898 ita
1187 1843 1377 1917 occupatus,
1389 1844 1426 1899 ut

259 1957 359 2021 supra
374 1937 554 2002 humanam
578 1938 831 2021 possibilitatem
854 1937 1111 2020 uniuscujusque
1129 1938 1260 2021 pondus
1274 1937 1426 2020 specialis

259 2041 425 2106 videretur
439 2042 555 2125 operis
601 2040 646 2105 Et
662 2041 746 2105 inter
762 2041 833 2104 haec
848 2039 1002 2105 omnibus
1025 2060 1127 2118 carus,
1143 2039 1280 2104 hilarem
1295 2061 1426 2124 semper

261 2144 377 2210 saciem
415 2146 595 2210 ostendens
632 2153 791 2223 sanctam,
830 2143 973 2227 Spiritus
1003 2143 1118 2210 Sancti
1151 2145 1275 2228 gaudio
1300 2144 1427 2209 intimis

260 2247 489 2315 laetificabatur
504 2249 701 2333 praecordiis

281 2516 403 2579 NUNC
425 2518 551 2579 PRIMI
574 2519 692 2579 LIBRI
714 2518 1108 2582 CAPITULATIONES²
1130 2518 1401 2582 ORDIUNTUR

262 2701 310 2760 De
324 2697 466 2760 virtutum
480 2697 628 2761 miraculis
641 2699 738 2762 brevis
752 2700 889 2762 narratio.

262 2798 310 2860 De
341 2808 446 2860 sancto
477 2800 624 2860 Fruuuuo
654 2799 770 2876 abbate,
799 2802 981 2861 Tarucuaur
1013 2800 1083 2876 tilio,
1112 2800 1268 2878 quomodo
1295 2799 1335 2862 de
1361 2798 1427 2878 ipso

342 2907 461 2958 sanctus
476 2898 634 2960 comum
647 2899 842 2977 prophetavit

262 2995 310 3055 De
325 2995 492 3069 Eauuuao,
508 2995 570 3056 tilio
584 2997 737 3071 Cassam,
752 2994 908 3073 prophetia
921 2997 993 3071 ejus.

263 3092 311 3152 De
325 3092 454 3152 adventu
469 3093 646 3154 Caruurcur
661 3095 815 3170 quomodo
830 3092 1037 3172 pronuntiavit

264 3191 312 3251 De
339 3190 470 3268 periculo
498 3192 592 3253 sancti
620 3193 771 3254 Coruum
798 3203 887 3271 gente
918 3190 1096 3253 Mocusailni
1129 3202 1233 3253 sancto
1264 3193 1430 3255 Cotuatum

344 3287 479 3348 revelato,

265 3386 313 3445 De
328 3386 494 3460 Conuaco,
510 3395 619 3464 nepote
634 3387 729 3447 Letha
744 3385 985 3465 prophetationes
1000 3388 1071 3464 ejus.

265 3482 314 3543 De
328 3481 420 3543 bellis.

266 3582 314 3641 De
328 3580 453 3659 regibus.

298 3848 310 3888 ⁸
323 3847 379 3897 The
390 3847 468 3898 battle
480 3848 509 3898 ol
517 3848 676 3913 Cooldrevny
688 3864 739 3899 vas
749 3848 837 3913 fought
848 3847 874 3898 in
887 3848 931 3912 561
945 3861 1003 3899 lun.

297 3930 413 3981 silence
424 3930 444 3981 ir
461 3932 543 3982 would
562 3948 654 3998 appear
671 3933 725 3982 that
745 3931 870 3982 Columba
886 3931 930 3982 leit
948 3931 1047 3982 Ireland
1065 3930 1093 3980 ol
1107 3929 1146 3980 bis
1162 3945 1220 3980 orm
1236 3930 1334 3980 accord.
1369 3928 1433 3979 This

265 4013 370 4077 opinion
381 4013 402 4063 is
412 4014 549 4065 confirmed
568 4015 601 4079 by
618 4030 634 4064 a
653 4031 756 4080 passage
774 4015 837 4065 from
854 4015 897 4064 the
915 4013 969 4064 Life
986 4014 1012 4063 in
1029 4014 1072 4063 the
1089 4013 1239 4065 salamanca
1256 4013 1311 4063 MS.
1327 4012 1391 4077 Cap.
1405 4025 1429 4074 9.

266 4094 325 4154 (Tr.
343 4093 400 4154 ss..
414 4111 439 4160 p.
454 4095 509 4159 326,
523 4097 560 4156 a.)
603 4097 651 4146 But
668 4096 701 4147 cl.
719 4096 818 4158 111.,4,
834 4096 913 4161 infra,
934 4096 1016 4146 where
1036 4095 1170 4145 Adamnan
1188 4110 1244 4159 says
1262 4094 1315 4144 that
1332 4093 1365 4144 he
1382 4109 1433 4143 was

265 4177 496 4229 excommunicated
507 4187 534 4228 at
544 4195 560 4229 a
572 4179 659 4243 Synod
675 4179 734 4229 held
751 4188 778 4228 at
794 4179 910 4230 Teltovn
930 4175 966 4228 in'
977 4177 1072 4228 Meath.
1108 4176 1165 4228 The
1181 4175 1430 4235 excommunication,

265 4258 389 4322 however,
405 4277 456 4312 was
466 4269 511 4312 not
523 4261 644 4327 persisted
655 4261 689 4312 in.

300 4343 399 4394 ¹⁰Bede
418 4359 491 4408 says:
521 4345 608 4394 “Post
628 4360 707 4394 annos
723 4342 820 4395 circiter
839 4342 941 4407 triginta
960 4350 984 4394 et
1005 4343 1068 4392 duos
1090 4357 1120 4392 er
1143 4357 1193 4406 quo
1213 4340 1266 4406 ipse
1284 4339 1431 4391 Brittaniam

264 4425 442 4489 praedicaturus
454 4425 515 4475 adiit
525 4424 608 4474 ''-H.
623 4426 657 4475 E.
673 4425 735 4485 111..
749 4440 772 4487 4
810 4426 857 4475 But
870 4441 911 4475 see
929 4425 991 4486 111,
1006 4437 1045 4486 aa,
1061 4436 1099 4488 23,
1114 4424 1193 4487 infra.

298 4514 307 4541 ¹
322 4508 524 4566 laborationibus,
541 4508 603 4558 Cod.
618 4507 687 4559 cort.

294 4604 305 4632 ²
318 4590 402 4641 Those
414 4589 496 4640 which
507 4589 592 4640 follow
603 4606 645 4640 are
657 4589 733 4642 taken
744 4589 808 4640 from
820 4590 865 4642 Dr.
881 4588 985 4642 Reeves'
996 4589 1143 4640 Adaeum
