3226 5520
222 535 283 600 116
536 533 682 600 VITA
715 528 1069 599 ll.-LIBER1.

218 749 354 823 repente
383 739 469 804 inter
498 738 676 823 legendum
713 759 855 816 summe,
884 758 960 804 cum
996 738 1124 822 ingenti
1152 736 1395 815 admiratione,

217 843 344 926 gemitu
372 843 534 925 ingemuit
560 853 686 908 maesto.
735 843 836 928 Quod
863 844 989 921 videns,
1014 842 1072 927 qui
1098 860 1245 925 praesens
1273 839 1395 920 inerat,

220 946 379 1029 Lugbeus
409 948 578 1012 Mocublai
609 948 711 1031 coepit
741 948 785 1012 ab
813 968 855 1011 eo
883 946 1089 1030 percunctari
1119 944 1220 1009 subiti
1249 962 1392 1009 causam

218 1052 372 1116 maeroris
418 1051 481 1119 Cui
504 1052 648 1118 Sanctus
670 1052 767 1117 valde
792 1050 1019 1117 moestificatus
1040 1050 1126 1114 hanc
1140 1049 1236 1115 dedit
1249 1068 1392 1133 respon·

218 1155 365 1221 sionem:
389 1157 468 1220 Duo
489 1156 625 1240 quidam
642 1176 730 1220 nunc
752 1156 833 1240 regii
852 1157 983 1240 generis
1003 1154 1065 1220 viri
1080 1155 1114 1218 in
1130 1152 1245 1221 Scotia
1260 1153 1392 1219 mutuis

218 1258 304 1323 inter
318 1278 355 1323 se
369 1259 558 1324 vulneribus
574 1259 726 1324 transfixi
742 1260 971 1344 disperierunt,
982 1258 1071 1323 haud
1087 1256 1201 1342 procul
1215 1277 1238 1321 a
1251 1275 1391 1323 monas·

217 1363 308 1442 terio,
324 1365 414 1447 quod
430 1364 552 1429 dicitur
567 1364 718 1429 Cellrois²
731 1365 765 1429 in
788 1364 958 1448 provincia
973 1363 1283 1448 Maugdomorum,³
1295 1369 1390 1426 octa·

217 1486 324 1550 vaque
339 1468 404 1545 die,
415 1467 477 1532 hac
490 1479 624 1553 peracta
635 1468 854 1547 hebdomade,
866 1468 952 1534 ultra
963 1467 1083 1533 fretum
1096 1465 1180 1530 alius
1188 1464 1389 1544 clamitabit,

216 1571 273 1653 qui
289 1572 370 1650 haec,
385 1572 428 1636 de
445 1572 608 1637 Hibernia
630 1574 774 1651 veniens,
790 1573 837 1638 ita
852 1572 962 1637 taliter
984 1572 1073 1637 sacta
1094 1569 1267 1636 enarrabit
1316 1570 1388 1637 Sed

216 1674 288 1754 hoc,
304 1675 336 1742 Ο
352 1674 460 1754 filiole,
473 1677 633 1760 quamdiu
647 1678 764 1741 vixero
780 1678 904 1741 nemini
922 1676 1054 1741 indices
1100 1674 1230 1742 Octava
1245 1674 1390 1758 proinde

217 1779 303 1844 ultra
319 1780 439 1845 fretum
455 1781 636 1846 clamatum
649 1793 700 1847 est
712 1783 773 1847 die.
806 1782 949 1848 Sanctus
960 1791 1033 1845 tum
1048 1800 1147 1864 supra
1162 1788 1389 1844 memoratum

216 1884 259 1948 ad
275 1905 311 1948 se
327 1885 503 1969 Lugbeum
515 1906 646 1963 vocans,
660 1886 794 1951 silenter
808 1886 850 1949 ad
867 1906 943 1949 eum
959 1886 1026 1949 ait:
1048 1881 1115 1967 Qui
1131 1902 1220 1948 nunc
1234 1883 1391 1948 clamitat

217 1988 303 2053 ultra
318 1988 438 2055 fretum
451 1991 523 2073 ipse
535 2001 595 2069 est,
606 1991 649 2055 de
661 2011 728 2074 quo
740 1990 800 2056 tibi
813 1990 904 2074 prius
916 1990 1079 2067 dixeram,
1089 1989 1260 2072 longaevus
1270 1988 1389 2052 viator.

217 2093 323 2171 Vade,
345 2103 380 2159 et
405 2096 515 2159 adduc
543 2115 619 2159 eum
648 2096 691 2159 ad
718 2115 787 2159 nos.
832 2093 899 2177 Qui
926 2092 1075 2157 celeriter
1099 2090 1275 2167 adductus,
1300 2090 1391 2155 inter

216 2209 345 2278 caetera,
360 2201 423 2264 hoc
448 2203 549 2267 etiam
573 2200 705 2265 retulit:
734 2199 821 2278 Duo,
844 2198 1005 2281 inquiens,
1026 2197 1060 2261 in
1083 2206 1177 2280 parte
1203 2194 1389 2279 Maugdor·

217 2314 357 2381 norum,³
371 2303 499 2368 nobiles
521 2304 591 2382 viri,
607 2323 642 2366 se
667 2313 784 2367 mutuo
806 2302 1025 2377 vuluerantes,
1053 2298 1174 2365 mortui
1198 2309 1300 2380 sunt;
1322 2299 1389 2365 hoc

216 2415 275 2483 est,
297 2406 439 2471 Colman
463 2405 573 2483 Canis,
596 2405 682 2470 filius
706 2406 827 2484 Aileni,
850 2415 884 2469 et
912 2405 1074 2469 Ronanus
1099 2403 1184 2468 filius
1210 2404 1303 2469 Aido
1328 2403 1388 2470 filii

218 2510 355 2592 Colgen,
366 2513 409 2574 de
422 2511 651 2576 Anteriorum⁴
663 2530 793 2593 genere,
803 2530 906 2593 prope
923 2508 1004 2573 fines
1015 2507 1147 2573 illorum
1158 2508 1318 2587 locorum,
1329 2508 1388 2573 ubi

217 2613 298 2677 illud
315 2615 552 2680 monasterium
568 2615 712 2679 cernitur
727 2614 817 2698 quod
834 2613 953 2678 dicitur
969 2611 1115 2679 Cellrois

261 2717 340 2781 Post
356 2717 427 2782 haec
440 2717 527 2783 illius
538 2717 638 2782 verba
651 2718 856 2795 narrationis,
866 2716 954 2780 idern
969 2715 1136 2799 Lugbeus,
1148 2713 1271 2781 Christi
1282 2715 1389 2796 miles,

219 2822 379 2886 Sanctum
396 2843 544 2888 seorsum
560 2822 663 2905 coepit
674 2823 885 2904 interrogare,
897 2820 1030 2885 dicens:
1052 2819 1177 2903 Quaeso
1186 2819 1268 2883 mihi
1280 2822 1323 2885 de
1336 2821 1389 2885 his

218 2926 340 2990 talibus
356 2947 467 2990 narres
483 2926 684 3009 propheticis
699 2923 954 2989 revelationibus
970 2925 1148 3007 quomodo,
1160 2925 1187 2987 si
1202 2923 1387 3006 pervisum

217 3030 286 3106 tibi,
298 3051 340 3093 an
351 3031 475 3110 auditu,
485 3051 527 3093 an
539 3031 613 3106 alio,
624 3029 812 3093 hominibus
823 3028 1001 3112 incognito,
1012 3026 1264 3092 manifestantur
1274 3029 1386 3095 modo

219 3135 274 3198 Ad
299 3134 370 3199 haec
398 3135 563 3201 Sanctus:
587 3134 640 3197 De
662 3155 729 3216 qua
755 3153 851 3209 nunc,
866 3134 921 3210 ait,
938 3131 1074 3214 inquiris
1095 3132 1193 3195 valde
1215 3131 1327 3196 subtili
1352 3154 1389 3197 re

218 3237 406 3302 nullatenus
421 3238 481 3302 tibi
498 3237 681 3319 quamlibet
703 3236 848 3319 aliquam
872 3237 1025 3299 intimare
1047 3235 1243 3318 particulam
1258 3244 1389 3317 potero,

220 3343 281 3405 nisi
306 3343 404 3424 prius,
420 3341 516 3405 flexis
532 3341 680 3424 genibus,
697 3361 755 3423 per
779 3360 899 3403 nomen
925 3339 1048 3403 excelsi
1072 3339 1137 3403 Dei
1153 3339 1234 3402 mihi
1250 3337 1389 3404 firmiter

217 3449 392 3531 promittas
418 3449 480 3511 hoc
505 3458 538 3511 te
564 3448 833 3512 obscurissimum
857 3445 1209 3512 sacramentum⁵nulli
1236 3466 1386 3529 unquam

218 3552 390 3614 hominurn
418 3553 544 3614 cunctis
569 3552 786 3615 diebusvitae
817 3572 900 3614 meae
931 3561 1166 3615 enarraturum.
1212 3548 1288 3632 Qui,
1312 3551 1387 3616 haec

219 3654 365 3731 audiens
381 3653 475 3718 flexit
498 3655 657 3718 continuo
679 3675 797 3738 genua,
820 3664 862 3730 et,
885 3663 1051 3737 prostrato
1076 3654 1108 3716 in
1135 3665 1256 3717 terram
1280 3654 1387 3733 vultu,

215 3760 315 3842 juxta
331 3759 446 3825 Sancti
463 3760 719 3842 praeceptionem
737 3760 833 3842 plene
848 3760 961 3822 omnia
973 3760 1131 3842 promisit.
1177 3758 1255 3843 Qua
1270 3762 1387 3826 statim

218 3864 363 3948 perlecta
378 3865 605 3948 promissione,
622 3864 764 3928 Sanctus
780 3865 822 3927 ad
846 3874 1036 3946 surgentem
1051 3864 1098 3927 sic
1114 3863 1243 3927 locutus
1258 3864 1388 3947 inquit:

219 3970 306 4035 Sunt
329 3968 487 4046 nonnulli,
506 3967 690 4051 quamlibet
712 3968 809 4051 pauci
832 3968 1024 4046 admodum,
1039 3967 1159 4050 quibus
1184 3967 1297 4032 divina
1322 3968 1387 4034 hoc

249 4248 261 4274 2
274 4235 306 4284 Α.
320 4234 409 4285 cellros
421 4233 449 4284 lt
487 4235 552 4284 Now
565 4232 719 4297 Magheross,
733 4248 748 4280 a
760 4231 844 4296 parish
856 4231 881 4280 in
893 4231 936 4283 the
948 4240 1040 4296 couuty
1051 4231 1081 4282 oi
1090 4230 1244 4297 Monaghan.

250 4347 261 4383 3
274 4336 307 4383 A.
321 4334 545 4399 maugdorneorum
557 4331 586 4383 B.

250 4432 426 4498 tEquivaleut
446 4441 473 4483 to
492 4432 672 4491 Orientalium,
690 4430 792 4496 applied
811 4439 836 4481 to
853 4430 896 4481 the
912 4429 1054 4493 Airtheara,
1072 4446 1101 4482 or
1117 4430 1208 4497 people
1223 4429 1252 4482 ol
1269 4429 1342 4483 Oriel
1358 4431 1386 4483 in

219 4514 312 4567 Ulster.

251 4627 262 4665 5
275 4614 342 4664 That
354 4614 382 4674 is,
398 4623 513 4680 mystery.
