3226 5520
724 472 1044 545 orrtcturt

629 683 670 732 Ps.
689 679 754 733 Cum
765 680 907 733 invocarem
919 679 985 742 (in).

338 777 400 828 Ant.
438 777 556 829 Pteeibus
567 777 684 829 Manricii
694 779 761 829 latex
771 777 891 838 obedivit

435 859 470 911 Et
479 860 512 911 dc
522 860 617 911 munds
626 859 720 912 vertice
728 858 821 911 saliens
831 859 917 912 exirit.

627 961 668 1012 Pr.
689 958 773 1011 Verba
782 974 840 1011 mea
850 959 907 1023 (n).

336 1060 398 1110 Ant.
434 1058 479 1110 Nil
490 1057 561 1110 dedit
571 1058 702 1124 superbiae,
714 1058 759 1110 sed
769 1057 797 1109 in
808 1058 920 1120 cantate,

433 1140 467 1193 Et
478 1141 505 1192 in
515 1157 574 1194 vera
583 1141 679 1193 emerat
689 1156 788 1208 semper
798 1141 937 1193 esnedtste.

626 1241 668 1292 Ps.
688 1238 807 1302 Domine,
820 1240 891 1292 Deus
901 1248 984 1293 noster
997 1240 1071 1304 (vii).

605 1339 671 1391 Vers.
687 1340 788 1405 Justnm
799 1339 910 1402 deduxit.
923 1346 970 1391 etc.

336 1473 418 1523 Lectio
429 1473 478 1524 IV.
516 1472 566 1523 His
582 1480 607 1524 et
624 1472 680 1524 aliis
696 1471 723 1524 in
739 1488 790 1524 suo
806 1473 886 1524 oetatis
903 1472 990 1525 ordine
1005 1472 1089 1539 gestis,
1101 1473 1191 1526 sutus
1205 1489 1272 1540 pu
1286 1474 1359 1527 besti
1373 1476 1480 1528 Colum·

304 1555 344 1605 bae
354 1554 496 1620 magisterio
508 1563 533 1605 et
544 1572 609 1606 curse
619 1556 748 1621 delegatus
758 1556 811 1622 ejus
828 1556 885 1606 vitae
901 1564 926 1607 et
943 1563 1043 1607 sotum
1059 1555 1169 1607 imitator
1178 1572 1234 1609 ene
1244 1556 1340 1623 ntagit
1350 1558 1479 1610 devotus:

304 1636 371 1687 illius
383 1646 466 1688 nutem
478 1638 555 1703 patris
566 1638 702 1688 beatissimi
719 1638 850 1690 Columbae
867 1638 985 1689 luteribus
998 1638 1158 1705 jungebatur,
1169 1639 1258 1691 sedde
1266 1640 1302 1691 ad
1312 1640 1385 1691 illins
1395 1657 1481 1707 genna

307 1719 440 1770 assidebat.
475 1719 632 1785 Assidueque
643 1735 673 1769 ex
685 1719 751 1781 illius
762 1735 813 1779 ore,
826 1721 940 1785 quotidie
955 1721 1071 1772 bsuriens
1087 1721 1181 1773 tinente
1195 1720 1338 1773 <toeniam
1354 1723 1479 1789 quiequid

307 1808 391 1851 sutem
404 1800 471 1851 illius
481 1801 583 1851 auribus
593 1801 714 1852 doctrines
730 1802 770 1852 vel
787 1801 896 1852 edentiae
912 1802 972 1852 loris
988 1803 1171 1865 infundebatur,
1183 1811 1210 1855 et
1220 1804 1249 1855 in
1258 1804 1344 1855 oordis
1354 1806 1481 1856 amariolo

306 1883 486 1934 recondebatur
496 1892 521 1934 et
534 1899 591 1934 cum
602 1884 720 1934 virtutum
732 1883 886 1935 incremento
897 1886 1046 1936 servabatur.
1084 1887 1124 1936 Ac
1134 1886 1199 1937 inter
1213 1886 1355 1953 disdpolos
1370 1903 1432 1939 sums
1442 1887 1480 1939 its

308 1966 420 2017 modeste
431 1982 457 2017 se
468 1965 576 2017 habebnt
588 1974 616 2016 nt
626 1966 764 2032 superiores
774 1965 895 2017 industrie
905 1973 931 2017 et
943 1966 1050 2018 minores
1060 1966 1201 2019 bumilitate
1210 1976 1350 2034 superum.

327 2065 399 2130 Resp.
437 2065 539 2116 Patroni
550 2065 618 2115 lama
628 2064 764 2116 clarissime

434 2147 524 2198 Procul
535 2147 603 2198 volat
614 2154 690 2213 etque
700 2146 825 2198 catholica

434 2229 510 2281 Plebs
519 2229 595 2281 curn't
606 2229 689 2281 visura
699 2229 826 2281 miracula.

433 2312 527 2363 Sancta
537 2312 635 2364 Metus
645 2320 724 2363 mater
735 2312 840 2364 eeclesia

432 2394 474 2445 De
486 2394 550 2445 tanti
560 2394 638 2461 petris
648 2394 788 2446 elementia.

330 2491 396 2543 Vm.
433 2492 484 2559 Qui
494 2494 568 2545 nobis
578 2494 630 2545 dna
640 2500 673 2545 nt
683 2501 709 2546 et
719 2494 829 2556 lucerna,

435 2576 490 2626 Nos
500 2577 541 2643 pie
553 2576 647 2627 ducens
657 2576 691 2626 ad
701 2576 793 2642 gaudia
803 2574 960 2643 sempiterna.

435 2659 528 2710 Sancta
544 2658 650 2721 laetetur,
663 2666 711 2709 etc.

337 2808 419 2859 Lectr'o
437 2808 465 2860 V.
501 2809 600 2860 luteres
611 2808 734 2876 peridem
751 2816 849 2875 tempus
864 2809 925 2859 dunt
941 2814 1041 2859 sanetus
1059 2804 1183 2859 Columba
1200 2806 1304 2859 butun
1320 2808 1475 2862 Mauricinm

305 2890 338 2940 sd
350 2890 456 2941 insulam
469 2891 570 2942 nomine
583 2893 680 2942 Mulam
691 2891 766 2942 fidem
778 2892 828 2942 Dei
838 2890 1026 2958 predicandum
1035 2890 1159 2942 misisset:
1170 2897 1330 2943 occurrerunt
1337 2891 1364 2943 ei
1372 2892 1475 2945 obviam

305 2981 399 3039 septem
412 2974 503 3037 leprosi
514 2981 613 3024 orentes
630 2981 654 3023 et
671 2973 725 3038 ejus
735 2973 934 3024 benedictionem
951 2973 1130 3038 implorantest
1145 2986 1252 3038 eumque
1267 2972 1361 3025 sotter
1370 2974 1473 3027 butum

306 3064 420 3118 rogarent
432 3055 520 3113 virum,
535 3056 598 3105 dixit
617 3055 684 3105 illis:
703 3054 743 3104 Ite
760 3055 785 3105 iu
803 3054 896 3105 t'ontem
913 3055 1053 3120 proximum
1073 3064 1098 3105 et
1117 3054 1244 3105 lavemini.
1280 3054 1332 3119 Qui
1351 3056 1474 3108 abeuntes

306 3137 451 3188 lavaverunt
461 3153 495 3197 se,
507 3138 579 3202 juxta
590 3138 692 3187 verbum
705 3137 783 3187 sancti
793 3136 848 3197 viri,
861 3146 886 3186 ct
898 3137 981 3187 statim
991 3138 1059 3202 lepra
1068 3137 1172 3187 decessit
1180 3137 1214 3187 ab
1222 3137 1258 3187 eis
1267 3153 1276 3197 ς
1286 3145 1313 3188 et
1321 3145 1474 3189 revertentes

304 3218 468 3270 laudaverunt
479 3228 503 3269 et
516 3219 716 3283 glorificaverunt
728 3217 864 3268 Dominum
876 3218 902 3268 in
914 3219 1005 3268 sanctis
1015 3219 1073 3269 suis.

327 3318 400 3382 Resp.
438 3317 514 3367 Livor
526 3319 606 3367 latens
616 3317 703 3367 crescit
715 3317 740 3366 in
752 3318 837 3366 odium

434 3400 522 3449 Zelant
534 3399 620 3448 iratres
633 3399 714 3448 fratris
727 3398 851 3448 excidium

435 3481 482 3530 Per
494 3480 625 3531 Cotumboe
638 3478 717 3530 sancti
728 3481 858 3530 consilium

435 3563 519 3613 Gratis
530 3561 635 3626 sumpsit
647 3569 747 3612 nanctus
758 3562 866 3613 exilium.

333 3662 397 3712 Vers.
437 3663 535 3722 Rntem‚
550 3677 631 3711 remos
643 3668 667 3711 et
682 3661 855 3726 remigantium

435 3744 554 3808 Sumptus
564 3744 660 3808 quaerit,
674 3759 744 3793 mora
756 3744 783 3794 fit
794 3745 895 3794 taedium

435 3827 482 3875 Per
493 3825 629 3884 Columbre,
643 3832 703 3883 etc..
716 3827 763 3874 Tu.

339 3976 419 4024 Lectio
437 3975 478 4024 Vl.
516 3974 574 4023 Alio
588 3990 695 4038 namque
707 3975 732 4023 in
742 3982 853 4039 tempore
862 3991 918 4026 cum
931 3977 1018 4026 beatus
1027 3975 1161 4027 bleuricius
1168 3977 1294 4041 quendam
1303 3993 1391 4042 ugrum
1400 3994 1470 4029 suurn

305 4057 461 4121 pertransiret
474 4057 651 4105 comitantibus
662 4073 717 4105 curn
731 4056 842 4121 pluribus
852 4057 911 4107 viris
923 4066 947 4107 et
959 4058 1110 4116 mutieribus.
1125 4058 1188 4107 vidit
1198 4058 1296 4108 eminus
1306 4075 1396 4124 nprnm
1409 4062 1469 4111 lero

304 4155 357 4188 cem
370 4138 510 4188 venientem
528 4146 623 4201 segetes
641 4155 698 4187 suos
716 4139 888 4188 suffodientem
906 4148 930 4189 et
947 4140 1001 4204 ejus
1018 4140 1205 4190 conculcantem
1223 4140 1336 4205 pedibus,
1351 4141 1471 4192 damnum

304 4238 354 4270 non
367 4222 492 4269 modicum
506 4222 607 4285 popu10,
621 4229 691 4270 ternu
703 4230 727 4270 et
740 4222 850 4285 frugibus
867 4222 1020 4272 inserentem.
1056 4224 1091 4271 At
1108 4222 1161 4287 ipse
1178 4221 1315 4272 Mauricius
1330 4223 1436 4275 elevatis
1447 4227 1472 4274 in

303 4306 393 4353 coelum
407 4304 530 4362 manibus,
544 4303 624 4352 dixit:
643 4304 682 4352 Ne
694 4304 784 4362 tradas,
801 4304 917 4361 Domine,
934 4303 1020 4353 bestiis
1037 4305 1132 4354 animas
1149 4303 1296 4354 confitentes
1313 4304 1380 4365 tibi;
1400 4308 1471 4357 addi·

302 4386 407 4449 ditque:
427 4386 458 4433 Et
472 4393 497 4433 tu
510 4394 611 4434 cruenta
628 4385 715 4444 bestia,
734 4385 871 4435 immobilis
887 4395 925 4435 sto
937 4386 962 4434 in
980 4387 1072 4435 Christi
1093 4386 1193 4437 nomine
1211 4386 1291 4436 donec
1308 4394 1333 4436 te
1350 4389 1466 4453 tetigero.

301 4467 375 4517 Stetit
388 4482 447 4530 ergo
459 4468 601 4525 immobilis,
616 4468 754 4533 baculoque
765 4469 831 4518 beati
843 4468 889 4517 viri
907 4484 1035 4532 percussus
1046 4469 1114 4519 illico
1126 4468 1228 4519 vertitur
1238 4467 1265 4518 in
1276 4468 1387 4534 lapidem
1399 4489 1406 4521 ι
1428 4470 1471 4537 qui

300 4549 327 4599 in
338 4550 411 4614 hujus
422 4549 534 4599 miraculi
546 4549 667 4600 memoria
683 4558 812 4616 permanet
823 4551 849 4601 in
862 4565 979 4616 presens.
