3226 5520
644 555 951 630 cononum
1326 571 1384 642 115

219 768 253 831 in
269 769 386 852 spiritu
410 768 552 832 vicinam
580 767 659 832 luris
683 768 868 850 praevidens
883 776 1034 845 mortem,
1049 769 1092 832 ad
1112 767 1332 833 Baitheneum
1348 788 1389 833 eo

220 883 370 957 tempore
395 873 610 956 praepositum
637 882 899 936 commorantem
927 873 960 935 in
985 871 1115 956 Campo
1142 872 1261 956 Lunge
1278 872 1388 951 mittit,

221 987 257 1040 ut
273 979 382 1040 eidem
399 976 461 1040 luri
476 976 647 1059 quoddam
670 976 794 1059 pingue
809 997 909 1059 pecus
933 986 967 1039 et
983 997 1044 1040 sex
1064 977 1194 1041 modios
1210 976 1389 1041 novissima

221 1082 333 1146 mittat
349 1101 493 1145 munera
550 1078 681 1162 Quibus
700 1101 719 1144 a
736 1079 928 1158 Baitheneo,
943 1080 1028 1144 sicut
1051 1080 1194 1146 Sanctus
1220 1099 1388 1144 commen·

220 1188 365 1264 daverat,
378 1185 587 1262 transmissis,
597 1205 637 1249 ea
649 1185 702 1250 die
718 1185 871 1249 inventus
887 1194 937 1249 est
953 1193 1060 1248 morte
1075 1185 1185 1250 subita
1200 1194 1388 1268 praeventus

221 1290 318 1356 lurax
345 1290 501 1370 misellus,
519 1300 553 1355 et
579 1290 613 1354 in
639 1289 790 1373 exequiis
814 1288 886 1373 ejus
909 1289 1103 1355 transmissa
1132 1309 1282 1374 expensa
1311 1297 1389 1354 sunt

221 1416 330 1460 xenia

604 1729 632 1796 C
646 1729 679 1794 A
693 1731 718 1794 P
734 1729 811 1798 UT
850 1732 882 1795 X
895 1731 924 1794 L
938 1731 950 1794 l
966 1731 999 1794 1.

416 1884 469 1949 De
493 1883 640 1951 Cronano
654 1894 750 1968 poeta
774 1886 891 1951 Sancti
903 1886 1073 1969 proplutia
1104 1885 1185 1952 Viri.

223 2040 322 2105 ALIO
349 2040 565 2123 intempore,
592 2040 736 2106 Sanctus
762 2060 838 2105 curn
866 2040 966 2124 juxta
997 2039 1162 2124 Stagnum
1194 2038 1273 2118 Cei,¹
1288 2058 1391 2123 prope

223 2145 345 2209 ostium
377 2144 530 2223 fluminis,
559 2145 649 2228 quod
687 2144 790 2209 latine
821 2145 888 2208 Bos
926 2145 1054 2222 dicitur,
1083 2145 1137 2209 die
1167 2142 1278 2227 aliqua
1314 2163 1390 2208 curn

223 2248 378 2313 iratribus
389 2250 527 2327 sederet,
536 2250 673 2333 quidam
684 2250 726 2313 ad
737 2269 794 2313 eos
806 2248 972 2315 Scotticus
982 2259 1080 2332 poeta
1090 2248 1304 2331 devenit3qui
1315 2267 1390 2312 cum

225 2362 301 2436 post
316 2353 461 2437 aliquam
479 2354 666 2418 recessisset
681 2354 1001 2431 sermocinationem,
1017 2353 1133 2417 fratres
1148 2353 1191 2417 ad
1208 2350 1369 2418 Sanctum
1385 2373 1393 2415 :

226 2456 300 2533 Cur,
316 2457 418 2533 aiunt,
434 2478 453 2521 a
469 2458 564 2521 nobis
580 2457 787 2540 regrediente
803 2457 959 2522 Cronano
974 2467 1074 2541 poeta
1089 2456 1223 2540 aliquod
1239 2477 1284 2520 ex
1301 2476 1392 2520 more

225 2579 294 2622 suae
320 2561 400 2624 artis
430 2560 596 2624 canticum
624 2580 689 2624 non
721 2560 896 2644 postulasti
924 2561 1169 2626 modulabiliter
1198 2560 1392 2625 decantari?

225 2663 356 2748 Quibus
404 2663 566 2728 Sanctus:
620 2661 733 2746 Quare
770 2673 804 2728 et
840 2686 900 2728 vos
942 2684 1029 2729 nunc
1072 2664 1200 2728 inutilia
1241 2663 1393 2747 profertis

225 2767 351 2831 verba?
428 2765 609 2850 Quomodo
650 2767 693 2832 ab
730 2768 787 2832 illo
827 2770 948 2834 misero
996 2768 1218 2833 homuncione
1259 2787 1392 2831 carmen

226 2871 428 2955 postularem
451 2870 586 2949 laetitiae,
601 2872 657 2954 qui
683 2891 780 2950 nunc,
796 2873 839 2937 ab
863 2873 1005 2938 inimicis
1027 2873 1219 2949 trucidatus,
1234 2869 1333 2935 finem
1350 2870 1392 2936 ad

226 2995 331 3058 usque
355 2975 447 3038 ocius
471 2976 621 3058 pervenit
645 2975 730 3039 vitae.
753 3027 758 3036 .
778 2976 843 3040 His
858 2997 877 3041 a
895 2976 1020 3043 Sancto
1044 2976 1150 3054 dictis,
1165 2986 1199 3040 et
1217 2995 1293 3040 ecce
1308 2975 1395 3039 ultra

225 3079 348 3143 flumen
372 3079 491 3161 aliquis
515 3078 665 3144 clamitat
690 3080 800 3159 homo,
822 3080 956 3146 dicens:
981 3081 1040 3145 llle
1064 3090 1173 3164 poeta,
1188 3080 1244 3163 qui
1261 3100 1281 3144 a
1296 3080 1390 3145 vobis

227 3203 332 3267 nuper
346 3202 461 3267 sospes
486 3184 592 3260 rediit,
607 3183 688 3248 hora
713 3184 745 3247 in
762 3184 824 3249 hac
848 3187 891 3249 ab
916 3186 1057 3251 inimicis
1077 3185 1180 3250 invia
1202 3184 1394 3251 interfectus

227 3297 285 3351 est
331 3287 459 3353 Omnes
483 3295 572 3366 tunc,
592 3288 649 3371 qui
672 3297 853 3371 praesentes
875 3289 1004 3354 inerant
1026 3289 1123 3354 valde
1146 3289 1264 3368 mirati,
1287 3309 1323 3354 se
1345 3287 1394 3352 in·

227 3392 333 3455 vicem
349 3392 517 3456 intuentes
532 3390 741 3474 obstupuere

596 3728 798 3796 CAPUT
837 3728 1006 3796 XLIII.

229 3903 281 3969 De
301 3903 424 3967 duobus
452 3902 611 3986 Τιζςινηίεῑ
627 3902 745 3967 Sancti
765 3902 955 3967 vatt'cinatio
986 3901 1067 3981 Viri,
1081 3903 1140 3987 qui
1159 3904 1252 3970 ambo
1273 3904 1398 3969 mutuis

597 4005 785 4071 vulneribus
804 4006 1025 4090 disperierant.

230 4163 330 4228 Auo
353 4162 468 4228 itidem
496 4162 529 4227 in
556 4171 706 4245 tempore
730 4160 874 4228 Sanctus
896 4162 929 4225 in
955 4162 1038 4227 lona
1061 4182 1259 4228 conversans
1281 4162 1397 4243 insula,

264 4398 378 4463 rbougn
391 4398 455 4463 Key‚
469 4397 576 4448 rituated
594 4404 620 4446 to
638 4396 680 4446 the
697 4395 835 4446 northern
852 4395 881 4446 ol
895 4395 938 4446 the
955 4405 1022 4447 torm
1039 4397 1068 4447 ol
1081 4395 1169 4463 Boyle,
1182 4397 1208 4448 in
1226 4396 1268 4448 the
1279 4398 1398 4449 nonbcm

232 4490 287 4547 pert
298 4479 328 4531 oi
334 4481 377 4531 rbe
388 4488 481 4544 conuty
492 4478 522 4530 ol
531 4480 709 4530 Rosoommou.

266 4576 274 4604 ¹
291 4563 440 4614 Noblemen.
483 4564 605 4628 Tigernus
616 4562 638 4612 is
649 4578 664 4611 a
677 4560 752 4612 Latin
765 4560 965 4614 musiorrnation
977 4561 1007 4614 ol
1019 4563 1063 4615 the
1074 4562 1140 4616 lrisb
1151 4579 1220 4617 nonu
1236 4564 1370 4631 minna.
1384 4581 1401 4615 ι

231 4645 296 4707 loni,
311 4644 361 4696 rod
374 4644 489 4711 pointing
500 4652 527 4695 to
538 4644 570 4695 its
581 4642 721 4695 derivation
732 4642 796 4694 irom
807 4643 852 4708 rig,
866 4643 978 4697 abone·
