3226 5520
628 493 890 563 urnrnnr.
1295 516 1335 584 23

173 701 279 767 sciens
303 708 462 784 expertus
485 699 565 785 quia
587 700 753 766 Dominus
775 709 846 766 erat
860 721 936 768 cum
959 701 1025 782 illo,
1047 711 1081 768 et
1102 702 1216 766 omnia
1237 721 1339 785 opera

173 804 245 889 ejus
271 803 443 888 dirigebat,
465 813 628 887 praestans
654 805 684 868 ei
707 805 863 870 virtutem
888 825 988 890 super
1009 825 1144 870 omnem
1169 805 1338 870 hominem

174 909 392 974 extollentem
409 928 444 971 se
459 908 617 972 adversus
632 908 804 973 scientiam
820 909 952 985 Christi,
966 930 1043 975 cum
1059 910 1092 974 in
1109 919 1265 994 promptu
1281 909 1341 974 ha·

175 1013 267 1077 beret
282 1013 394 1077 ulcisci
412 1031 547 1075 omnem
564 1011 823 1076 inobedientiam
845 1023 879 1076 et
895 1013 1048 1095 injuriam
1064 1013 1190 1077 illatam
1207 1013 1339 1078 famulis

175 1117 305 1182 Christi.
352 1115 388 1181 Si
412 1116 513 1198 igitur
534 1125 744 1198 contemptor
766 1117 837 1193 iste,
852 1126 886 1180 et
900 1118 1070 1201 superbus,
1084 1119 1191 1200 gratia
1209 1116 1340 1183 humili·

175 1221 254 1285 tatis
277 1228 311 1283 et
333 1219 550 1301 poenitentiae,
565 1239 585 1281 a
600 1219 809 1283 sanctissimo
831 1221 901 1284 viro
924 1222 1043 1285 meruit
1058 1223 1104 1285 sic
1127 1223 1244 1299 sanari,
1266 1221 1340 1305 quis

175 1324 306 1389 dubitet
321 1343 408 1399 eum,
423 1323 479 1404 qui
492 1332 581 1386 certa
597 1321 670 1399 fide,
682 1324 810 1387 sincero
824 1333 858 1387 et
870 1324 986 1388 humili
1001 1328 1108 1402 corde,
1120 1327 1162 1390 ad
1178 1326 1341 1391 interioris

176 1427 319 1492 hominis
346 1427 396 1490 sui
419 1425 556 1491 vulnera
581 1427 731 1490 sananda
760 1428 922 1491 auxilium
948 1429 1034 1492 tanti
1059 1430 1120 1493 viri
1146 1430 1342 1513 poposcerit,

175 1533 278 1597 citum
294 1531 475 1596 remedium
497 1530 569 1614 ejus
587 1531 709 1594 sanctis
734 1532 859 1596 meritis
880 1534 1082 1616 promereri?
1127 1533 1186 1599 Set
1205 1534 1276 1617 jam
1296 1534 1340 1599 ad

175 1636 241 1700 alia
256 1645 471 1711 transeamus,
493 1654 568 1717 quae
591 1643 686 1698 tanto
701 1635 855 1700 videntur
876 1655 949 1701 esse
972 1637 1107 1721 majora,
1128 1647 1255 1721 quanto
1277 1636 1340 1721 ipsi

176 1751 302 1806 naturae
318 1738 502 1826 probantur
520 1759 591 1804 esse
607 1739 778 1805 contraria

613 2295 817 2363 CAPUT
854 2295 899 2362 V.

400 2484 623 2552 Presbitmrm
643 2486 752 2570 stupri
770 2495 953 2551 amatum
974 2482 1119 2551 absolvit.

181 2679 276 2745 FUIT
291 2675 402 2762 puella
416 2650 571 2761 quiedam
588 2677 622 2739 in
637 2673 833 2759 obsequium
854 2673 995 2758 aliquus
1009 2673 1070 2738 viri
1086 2671 1213 2749 nobilis,
1229 2693 1344 2738 secun·

179 2784 260 2848 dum
277 2783 384 2847 carnis
399 2780 498 2865 hujus
514 2781 734 2865 putredinem,
746 2779 884 2864 pulchra
899 2778 983 2843 facie
999 2787 1033 2842 et
1044 2788 1186 2842 venusto
1200 2788 1345 2861 aspectu.

182 2888 221 2952 In
237 2907 337 2970 quam
354 2906 429 2950 cum
447 2886 613 2969 injecisset
635 2885 749 2948 oculos
762 2883 893 2967 Juvenis
909 2883 1104 2966 impudicus,
1119 2901 1233 2946 amore
1248 2882 1348 2945 corri-

180 2993 269 3077 pitur
280 3010 377 3066 caeco,
389 3001 626 3074 conceptaeque
638 2989 783 3054 libidinis
796 2987 966 3052 flammam
982 3006 1048 3050 non
1061 2986 1236 3064 sustinens,
1246 2986 1349 3070 coepit

181 3095 326 3181 puellam
351 3096 394 3159 de
420 3114 582 3159 consensu
608 3093 739 3158 sceleris
762 3092 945 3156 convenire
992 3088 1114 3155 Effecit
1137 3091 1274 3154 tandem
1295 3088 1348 3155 vel

182 3220 278 3284 prece
293 3197 344 3263 vel
361 3199 477 3282 pretio,
493 3207 530 3263 ut
543 3199 732 3281 conciperet
755 3198 914 3274 dolorem,
929 3205 963 3261 et
985 3204 1114 3279 pareret
1130 3195 1349 3278 iniquitatem.

183 3304 346 3371 Subditur
366 3301 483 3367 alienae
501 3301 629 3367 libidini
653 3303 774 3366 misera
797 3300 923 3379 mulier,
937 3301 980 3366 de
1004 3299 1068 3364 Dei
1089 3299 1216 3382 judicio
1230 3318 1348 3383 parum

182 3408 334 3484 sollicita,
356 3425 432 3490 quae
454 3405 637 3471 humanum
660 3427 696 3470 se
718 3405 859 3490 putabat
881 3405 984 3470 latere
1006 3424 1104 3488 posse
1125 3412 1350 3487 conspectum.

183 3512 243 3579 Set
259 3520 465 3576 tumescente
480 3523 575 3575 utero
589 3512 715 3576 crimen
733 3511 894 3596 proditur,
909 3520 944 3575 et
967 3529 1050 3573 mox
1065 3509 1150 3573 risus
1165 3509 1198 3572 in
1215 3507 1351 3587 luctum,

183 3615 343 3699 gaudium
370 3614 404 3677 in
426 3613 585 3692 dolorem,
600 3614 755 3698 voluptas
777 3623 926 3677 mutatur
948 3613 981 3676 in
998 3630 1142 3696 poenam.
1188 3609 1249 3675 Set
1270 3611 1350 3693 quid

183 3723 320 3802 ageret?
349 3714 428 3800 Quo
444 3737 479 3780 se
494 3723 660 3782 verteret?
692 3717 777 3795 Lex,
792 3736 920 3800 parens,
937 3716 1169 3798 Dominusque
1184 3714 1351 3779 timentur.

186 3823 265 3888 iniit
281 3841 360 3904 ergo
372 3819 488 3883 infelix
505 3819 623 3885 mulier
634 3819 743 3885 soedus
755 3840 830 3885 cum
844 3831 959 3897 morte,
971 3830 1004 3883 et
1017 3819 1049 3882 in
1067 3817 1243 3882 mendacio
1257 3835 1351 3900 spem

185 3927 288 4011 ponit,
299 3926 436 3989 credens
452 3945 487 3988 se
504 3926 613 3990 minus
628 3945 718 3988 ream
734 3926 846 4002 videri,
858 3925 885 3988 si
897 3925 941 3988 ab
952 3923 1065 4006 aliquo
1080 3921 1193 4004 magni
1209 3920 1353 3984 nominis

185 4032 257 4095 viro
279 4030 456 4112 deceptam
479 4049 514 4092 se
536 4030 669 4107 diceret,
691 4029 743 4093 vel
766 4048 946 4113 opressam.
991 4025 1175 4110 Compulsa
1198 4025 1310 4109 itaque
1332 4043 1354 4090 a

187 4134 367 4218 majoribus
383 4153 475 4197 reum
491 4135 639 4217 prodere,
651 4133 842 4218 presbitero,
853 4133 906 4196 cui
922 4152 1034 4197 curam
1051 4128 1229 4214 parrochiae
1245 4127 1355 4212 ponti·

186 4239 244 4303 lex
260 4237 479 4321 delegaverat,
494 4238 600 4321 stupri
615 4238 738 4303 crimen
762 4236 900 4321 inponit
946 4233 1136 4319 Stupebant
1156 4251 1282 4309 omnes,
1297 4230 1354 4315 qui

187 4341 368 4408 audiebant
384 4342 530 4418 verbum,
546 4343 757 4426 puellamque
779 4341 956 4406 absolvunt
978 4337 1124 4415 crimine,
1138 4336 1228 4421 quod
1252 4344 1356 4400 tantae

188 4447 396 4512 auctoritatis
411 4447 518 4511 virum
533 4446 702 4511 aestimant
716 4446 929 4511 commisisse.
977 4441 1254 4509 Scandalizantur
1268 4439 1357 4519 boni,

189 4551 269 4619 mali
289 4549 454 4631 laetantur,
475 4551 561 4616 ridet
583 4551 711 4637 vulgus,
733 4569 826 4615 sacer
847 4549 931 4615 ordo
956 4546 1000 4614 ab
1024 4545 1124 4632 inpiis
1147 4542 1359 4630 blaspbema-
