3226 5520
633 514 941 584 cononum.
1323 517 1367 601 69

205 727 292 782 retro
321 721 468 799 accessit,
497 728 535 785 ut
556 719 608 785 vel
635 720 721 785 illius
745 719 947 805 amphibali¹
974 717 1137 783 fimbriam
1160 739 1227 801 quo
1249 718 1366 782 vestie·

206 820 311 896 batur,
337 822 410 906 ipso
435 823 609 902 nesciente,
633 833 790 908 tangeret.
846 822 945 906 Quod
972 831 1084 887 tamen
1112 822 1272 887 Sanctum
1300 840 1367 884 non

207 924 324 1004 latuit;
347 945 424 990 nam
448 935 524 1011 post
546 948 582 992 se
604 947 722 992 manus
744 928 939 1006 extendens,
962 927 1121 991 cervicem
1138 926 1230 1009 pueri
1253 924 1366 988 tenuit

207 1026 285 1110 Quo
315 1030 516 1110 tremefacto,
543 1032 589 1095 ait
618 1033 780 1097 Sanctus:
808 1030 911 1115 Aperi
938 1052 975 1095 os
1002 1041 1035 1095 et
1058 1031 1205 1114 linguam
1229 1029 1367 1112 porrige.

207 1132 306 1216 Quod
330 1154 411 1217 puer
433 1135 565 1213 iaciens,
589 1135 731 1201 Sanctus
747 1157 822 1200 eum
842 1146 984 1200 extensa
1008 1154 1108 1199 manu
1131 1133 1312 1210 benedixit,
1335 1142 1369 1196 et

206 1236 391 1301 astantibus
413 1238 520 1302 dixit:
553 1239 619 1302 Hic
645 1260 726 1323 puer
753 1260 839 1302 nunc
869 1238 1078 1323 despicabilis
1108 1238 1211 1315 vobis,
1237 1236 1281 1300 ab
1306 1236 1368 1300 hac

207 1339 288 1403 hora
309 1343 569 1424 praenominatus
596 1343 629 1406 in
652 1352 724 1408 tota
747 1344 861 1410 Scotia
883 1345 953 1423 erit,
976 1343 1147 1427 sapientia,
1171 1340 1369 1423 eloquentia,

207 1444 301 1509 bonis
325 1447 480 1523 moribus,
503 1458 536 1511 et
559 1448 716 1511 virtutum
747 1450 897 1513 ubertate
927 1447 1072 1532 pollebit
1128 1445 1228 1529 Quod
1256 1455 1289 1508 et
1313 1445 1368 1521 ita,

203 1548 305 1631 juxta
320 1551 424 1614 sancti
440 1551 489 1615 sui
512 1551 720 1634 prophetiam
745 1552 910 1616 Dominus
930 1551 1107 1635 complevit
1130 1551 1172 1615 ad
1189 1550 1320 1614 laudem
1336 1558 1371 1614 et

207 1653 346 1736 gloriam
364 1656 506 1719 nominis
522 1657 581 1734 sui,
596 1656 649 1720 cui
665 1665 715 1720 est
731 1656 835 1720 honor
850 1665 884 1719 et
898 1655 1003 1739 gloria
1018 1656 1051 1719 in
1068 1654 1195 1719 saecula.
1235 1653 1353 1717 Amen.

242 1971 252 1998 ¹
266 1958 455 2024 Amphibnlum,
469 1957 545 2008 vestis
557 1959 619 2008 laxae
629 1973 707 2022 genus
718 1972 807 2022 corpus
818 1956 927 2022 undique
938 1956 1057 2006 ambiens
1089 1955 1120 2003 In
1129 1953 1172 2004 lib.
1184 1966 1209 2014 2,
1219 1954 1286 2004 Diui.
1298 1954 1369 2020 Suip.

210 2040 266 2091 Sev.
278 2040 380 2090 devita
392 2040 419 2092 S.
433 2040 544 2100 Martini,
558 2056 580 2091 c.
597 2052 619 2090 1.
656 2039 798 2099 “Sanctus,
817 2054 925 2104 paupere
941 2053 991 2089 non
1007 2037 1108 2088 vidente
1124 2036 1370 2102 inunmphibdum

208 2122 256 2172 sibi
267 2121 377 2172 tunicam
394 2122 499 2171 latenter
513 2119 623 2182 educit,”
640 2130 688 2172 etc.
724 2121 876 2171 Man-Dr.
892 2122 987 2171 Reeves
998 2119 1110 2185 explains
1125 2118 1145 2169 it
1161 2134 1189 2168 as
1211 2121 1251 2169 “a
1267 2119 1328 2169 kind
1345 2118 1375 2169 oi

208 2203 298 2255 cowi.”
332 2205 380 2256 See
390 2203 429 2255 his
440 2205 559 2270 Glossary
570 2211 597 2254 to
607 2204 750 2264 adamnan,
764 2204 818 2253 also
829 2204 871 2253 Du
884 2202 970 2268 Cnnge
981 2218 1029 2253 av.
