3226 5520
649 465 961 535 COLUMBAE.
1328 477 1389 546 ιφ

222 669 320 734 alicui
346 671 465 753 pecori,
489 689 608 734 nocere
633 671 765 754 poterit,
788 670 939 753 exceptis
965 669 1040 734 seris
1064 669 1178 734 bestiis
1202 688 1334 752 quoque
1356 677 1390 732 et

223 773 367 856 piscibus
380 795 387 854 ;
402 782 436 839 et
451 774 610 858 quamdiu
626 774 726 839 talem
743 775 896 839 habueris
911 774 1040 852 sudem,
1052 793 1222 858 nunquam
1238 773 1273 837 in
1287 774 1390 837 domo

223 886 282 941 tua
307 878 448 943 cervinae
475 879 581 942 carnis
607 878 730 943 cibatio
756 878 930 944 abundans
956 879 1067 943 deerit
1125 876 1226 961 Quod
1251 877 1391 942 audiens

224 982 323 1046 miser
346 983 527 1060 mendicus,
542 983 639 1047 valde
660 983 802 1066 gavisus,
825 984 962 1048 domum
985 984 1166 1060 revertitur,
1189 1002 1333 1065 veruque
1356 982 1389 1045 in

224 1086 359 1150 remotis
374 1085 486 1150 infixit
501 1085 632 1150 terrulae
648 1086 736 1164 locis,
748 1107 823 1169 quae
839 1087 1004 1151 silvestres
1026 1085 1282 1170 frequentabant
1297 1085 1391 1165 t'erae;

223 1197 257 1252 et
272 1190 380 1253 vicina
404 1199 572 1255 transacta
596 1201 701 1268 nocte,
717 1210 815 1255 mane
838 1191 945 1274 primo
961 1191 1068 1274 pergit
1091 1191 1258 1255 revisitare
1275 1190 1390 1254 volens

223 1313 311 1370 veru,
323 1293 356 1357 in
372 1314 439 1377 quo
455 1295 547 1358 mirae
563 1295 802 1377 magnitudinis
826 1315 959 1359 cervum
975 1296 1132 1361 cecidisse
1148 1295 1269 1377 reperit
1283 1304 1390 1358 trans·

223 1395 338 1460 fixum.
395 1396 486 1479 Quid
515 1398 634 1481 plura?
658 1398 769 1475 Nulla,
797 1408 834 1463 ut
860 1401 956 1465 nobis
982 1400 1140 1464 traditum
1168 1407 1228 1477 est,
1251 1399 1389 1462 transire

223 1510 353 1581 poterat
379 1502 457 1578 dies,
482 1522 548 1584 qua
575 1522 640 1566 non
669 1513 727 1566 aut
747 1522 890 1579 cervum,
916 1511 974 1566 aut
996 1523 1136 1580 cervam,
1159 1512 1216 1567 aut
1243 1501 1389 1585 aliquam

224 1604 378 1686 reperiret
410 1605 443 1667 in
469 1625 547 1668 veru
574 1604 680 1667 infixo
707 1606 863 1669 cecidisse
887 1605 1035 1670 bestiam.
1092 1606 1235 1689 Repleta
1257 1624 1389 1688 quoque

223 1717 295 1771 tota
310 1708 352 1771 de
367 1707 479 1771 scrinis
493 1708 647 1773 carnibus
663 1710 772 1786 domo,
795 1711 910 1773 vicinis
933 1710 1098 1793 superflua
1118 1709 1292 1787 vendebat
1314 1729 1390 1792 quae

223 1810 403 1893 hospitium
420 1832 489 1875 suae
505 1813 624 1877 domus
640 1832 756 1895 capere
772 1832 838 1877 non
858 1823 997 1896 poterat.

267 1915 335 1980 Sed
362 1926 475 1979 tamen
502 1915 625 1980 diaboli
653 1916 776 1980 invidia
802 1936 860 1998 per
884 1917 1017 1994 sociam,
1039 1926 1077 1981 ut
1094 1915 1218 1995 Adam,
1242 1925 1277 1981 et
1302 1916 1390 1981 hunc

223 2021 323 2085 etiam
351 2022 506 2084 miserum
532 2021 680 2098 invenit;
703 2040 787 2104 quae,
813 2041 880 2084 non
906 2021 1001 2104 quasi
1027 2022 1181 2105 prudens,
1207 2023 1265 2088 sed
1290 2021 1390 2098 sarua,

223 2122 333 2186 taliter
347 2124 390 2186 ad
407 2122 561 2188 maritum
579 2123 688 2188 locuta
704 2132 773 2187 est:
796 2122 892 2187 Tolle
907 2125 949 2189 de
965 2134 1051 2187 terra
1066 2143 1153 2202 veru,
1164 2143 1241 2188 nam
1258 2123 1285 2187 si
1301 2124 1333 2186 in
1351 2142 1392 2187 eo

223 2226 383 2304 homines,
413 2236 471 2292 aut
500 2227 601 2292 etiam
632 2246 761 2310 pecora,
791 2226 953 2311 perierint,
983 2236 1020 2291 tu
1051 2228 1122 2311 ipse
1151 2237 1185 2291 et
1221 2247 1285 2311 ego
1313 2246 1389 2292 curn

224 2330 344 2395 nostris
368 2330 478 2395 liberis
500 2340 558 2396 aut
580 2331 769 2396 occidemur
791 2339 850 2396 aut
873 2332 995 2414 captivi
1018 2334 1184 2398 ducemur.
1242 2330 1299 2397 Ad
1319 2331 1391 2395 haec

224 2433 361 2498 maritus
376 2433 504 2517 inquit:
521 2433 597 2498 Non
614 2434 662 2499 ita
676 2432 753 2499 fiet:
776 2453 854 2499 nam
871 2443 1005 2500 sanctus
1020 2435 1069 2500 vir
1084 2435 1176 2515 mihi,
1191 2434 1391 2500 benedicens

223 2537 349 2616 sudem,
373 2537 469 2615 dixit,
484 2537 573 2620 quod
598 2555 769 2620 nunquam
796 2537 986 2602 hominibus
1008 2549 1067 2605 aut
1089 2537 1190 2604 etiam
1217 2537 1391 2622 pecoribus

224 2640 364 2706 nocebit
421 2641 501 2706 Post
516 2639 587 2705 haec
601 2642 703 2706 verba
726 2642 908 2721 mendicus,
922 2643 1019 2707 uxori
1041 2643 1259 2722 consentiens,
1274 2642 1393 2726 pergit,

223 2754 257 2810 et
271 2744 392 2811 tollens
406 2746 450 2809 de
464 2754 550 2809 terra
565 2764 653 2822 veru,
668 2746 754 2810 intra
777 2747 925 2823 domum,
940 2746 1036 2830 quasi
1059 2766 1184 2826 amens,
1199 2745 1282 2811 illud
1296 2765 1391 2811 secus

224 2851 383 2933 parietem
408 2849 542 2933 posuit;
565 2849 681 2933 inquo
697 2868 779 2913 mox
801 2850 1004 2914 domesticus
1025 2850 1097 2934 ejus
1123 2848 1272 2915 incidens
1298 2849 1391 2913 canis

224 2955 380 3038 disperiit
441 2953 519 3038 Quo
545 2962 711 3038 pereunte,
734 2972 862 3018 rursum
886 2955 1026 3020 marita:
1050 2955 1157 3034 Unus,
1177 2955 1233 3030 ait,
1248 2951 1389 3018 filiorum

225 3068 357 3124 tuorum
384 3057 507 3122 incidet
530 3058 564 3122 in
588 3058 704 3122 sudem
721 3067 755 3123 et
776 3057 904 3141 peribit
959 3058 1038 3143 Quo
1061 3059 1177 3124 audito
1195 3057 1267 3140 ejus
1281 3056 1391 3134 verbo,

225 3163 363 3227 maritus
389 3182 466 3228 veru
490 3163 532 3227 de
554 3161 681 3244 pariete
710 3181 883 3226 removens
905 3163 948 3227 ad
973 3162 1090 3226 silvam
1121 3169 1276 3245 reportat,
1298 3169 1332 3226 et
1356 3160 1390 3224 in

224 3265 430 3331 densioribus
457 3264 567 3329 infixit
594 3265 712 3343 dumis,
734 3273 772 3330 ut
790 3265 940 3349 putabat,
955 3266 1011 3330 ubi
1034 3265 1161 3330 anullo
1183 3275 1296 3350 posset
1320 3264 1390 3331 ani·

225 3378 338 3432 mante
363 3365 495 3431 offendi.
553 3367 621 3433 Sed
644 3377 777 3451 postera
792 3387 940 3433 reversus
961 3368 1016 3432 die
1030 3387 1184 3453 capream
1203 3368 1236 3431 in
1252 3389 1293 3433 eo
1308 3367 1391 3433 ceci·

223 3473 312 3536 disse
326 3480 361 3536 et
375 3470 511 3554 periisse
527 3471 655 3554 reperit.
693 3471 776 3536 Inde
791 3492 923 3556 quoque
939 3470 1020 3537 illud
1036 3492 1217 3550 removens,
1233 3472 1266 3536 in
1282 3472 1392 3551 fluvio,

223 3575 280 3657 qui
298 3574 417 3639 Latine
431 3573 497 3638 dici
519 3584 632 3657 potest
656 3574 760 3659 Nigra
782 3576 876 3652 Dea‚¹
888 3576 988 3659 juxta
1010 3577 1115 3661 ripam
1139 3576 1202 3642 sub
1216 3577 1311 3662 aquis
1333 3579 1390 3642 ab·

224 3679 387 3743 scondens
410 3676 543 3743 infixit:
565 3679 656 3763 quod
671 3679 737 3743 alia
760 3679 933 3743 revisitans
952 3679 1015 3758 die,
1030 3700 1160 3744 esocem
1177 3680 1210 3744 in
1234 3700 1276 3745 eo
1298 3681 1390 3745 mirae

225 3782 464 3865 magnitudinis
480 3781 677 3846 transfixum
690 3793 725 3847 et
740 3791 905 3848 retentum
921 3783 1046 3848 invenit
1058 3805 1067 3864 ;
1081 3803 1181 3867 quem
1197 3785 1239 3849 de
1255 3783 1391 3848 flumine

224 3887 356 3950 elevans
371 3886 430 3949 vix
445 3885 535 3949 solus
550 3886 593 3950 ad
609 3888 746 3951 domum
763 3897 893 3970 portare
909 3897 1048 3972 poterat,
1060 3908 1204 3971 veruque
1220 3908 1332 3953 secum
1347 3889 1391 3953 de

224 4011 312 4074 aqua
323 3990 420 4055 simul
436 4000 617 4074 reportans,
632 3991 838 4057 extrinsecus
850 3993 883 4055 in
899 3993 1066 4075 superiore
1081 3994 1159 4058 tecti
1175 3991 1284 4057 affixit
1301 3993 1390 4072 loc0;

224 4096 257 4158 in
273 4114 340 4177 quo
358 4103 392 4159 et
412 4113 529 4159 corvus
552 4093 734 4174 devolatus,
749 4095 875 4178 impetu
899 4095 1011 4178 lapsus
1036 4095 1185 4179 disperiit
1208 4095 1388 4181 jugulatus

224 4197 303 4282 Quo
333 4197 430 4276 sacto,
461 4199 568 4278 miser,
594 4197 694 4264 latuae
723 4198 875 4283 conjugis
903 4200 1043 4264 consilio
1072 4199 1282 4283 depravatus,
1310 4220 1387 4266 veru

224 4300 345 4368 tollens
358 4303 402 4367 de
417 4312 515 4382 tecto,
527 4311 698 4387 assumpta
711 4304 826 4381 securi,
837 4304 872 4368 in
887 4302 998 4388 plures
1012 4303 1190 4370 concidens
1204 4305 1392 4389 particulas,

697 4539 922 4593 utrumnum
