3226 5520
614 499 926 568 COLUMBAE.
1291 515 1351 579 109

185 705 320 763 auctore
341 697 541 776 ordinatum,
556 696 770 763 interfecerat
818 697 884 762 Hic
906 697 1020 781 itaque
1034 697 1123 761 idem
1143 696 1261 775 Aidus,
1275 705 1352 781 post

186 801 392 884 aliquantum
415 801 449 865 in
473 803 736 886 peregrinatione
759 813 963 867 transactum
987 813 1127 885 tempus,
1142 802 1248 866 accito
1266 801 1351 883 epis-

186 925 280 989 copo,
309 906 461 988 quamvis
499 926 565 970 non
603 918 699 984 recte,
730 908 818 990 apud
856 907 1081 990 supradictum
1121 906 1351 970 Findchanum

188 1009 349 1093 presbiter
364 1011 533 1075 ordinatus
548 1020 606 1076 est
654 1011 841 1095 Episcopus
863 1021 975 1076 tamen
992 1031 1059 1074 non
1075 1020 1125 1075 est
1140 1030 1240 1075 ausus
1255 1031 1354 1094 super

186 1124 287 1196 caput
317 1114 388 1198 ejus
419 1134 554 1180 manum
585 1115 764 1199 imponere,
794 1116 856 1179 nisi
887 1116 976 1198 prius
1007 1116 1095 1178 idem
1132 1114 1353 1194 Findchanus,

187 1218 314 1284 Aidum
339 1219 513 1285 carnaliter
540 1239 665 1298 amans,
687 1240 782 1285 suam
805 1220 905 1303 capiti
930 1220 1002 1302 ejus
1020 1240 1081 1302 pro
1103 1218 1353 1285 confirmatione

186 1323 372 1408 imponeret
387 1324 571 1389 dexteram.
615 1321 702 1406 Quae
724 1324 800 1389 talis
823 1323 987 1388 ordinatio
1007 1343 1082 1387 curn
1106 1332 1223 1406 postea
1238 1333 1354 1390 sancto

187 1428 394 1493 intimaretur
415 1428 497 1506 viro,
519 1447 607 1511 aegre
629 1427 727 1492 tulit:
750 1436 821 1492 tum
849 1427 988 1510 proinde
1012 1426 1098 1490 hanc
1114 1428 1157 1491 de
1178 1427 1237 1492 illo
1252 1426 1354 1493 Find-

187 1532 295 1597 chano
310 1541 344 1597 et
362 1533 405 1597 de
419 1531 513 1597 Aido
533 1532 687 1596 ordinato
710 1531 953 1596 formidabilem
975 1529 1125 1615 profatur
1146 1531 1355 1612 sententiam,

188 1636 361 1720 inquiens:
386 1636 448 1701 Illa
470 1656 589 1702 manus
610 1636 732 1702 dextra
753 1656 854 1719 quam
875 1636 1098 1713 Findchanus,
1112 1645 1228 1700 contra
1247 1636 1306 1714 sas,
1320 1647 1355 1702 et

185 1742 240 1826 jus
255 1742 522 1819 ecclesiasticum,
545 1761 644 1825 super
665 1749 766 1824 caput
788 1739 845 1804 filii
869 1740 1063 1823 perditionis
1085 1739 1252 1823 imposuit,
1273 1761 1354 1805 mox

188 1853 439 1928 computrescet,
451 1853 486 1908 et
500 1854 577 1928 post
593 1863 732 1926 magnos
748 1843 900 1907 dolomm
915 1842 1079 1907 cruciatus
1093 1841 1203 1926 ipsum
1219 1843 1252 1906 in
1268 1853 1356 1908 terra

188 1949 378 2033 sepelienda
393 1948 558 2032 praecedet
573 1970 581 2028 ;
602 1957 637 2012 et
652 1949 722 2031 ipse
737 1957 815 2032 post
836 1967 930 2012 suam
947 1948 1120 2012 humatam
1143 1967 1279 2012 manum
1295 1967 1355 2031 per

190 2053 312 2118 multos
327 2062 494 2136 superstes
508 2052 654 2116 victurus
669 2062 720 2117 est
742 2071 855 2116 annua
901 2051 1085 2118 Ordinatus
1107 2071 1186 2114 vero
1208 2051 1356 2116 indebite

190 2157 308 2235 Aidus,
320 2156 416 2222 sicuti
432 2156 532 2234 canis,
544 2156 586 2220 ad
602 2156 764 2220 vomitum
781 2165 962 2220 revertetur
976 2175 1081 2232 suum,
1092 2165 1126 2220 et
1141 2156 1212 2239 ipse
1227 2175 1355 2220 rursum

190 2260 418 2344 sanguilentus
434 2260 616 2324 trucidator
630 2260 762 2337 existet,
774 2268 808 2323 et
823 2260 866 2323 ad
883 2259 1037 2323 ultimum
1050 2259 1164 2323 lancea
1176 2259 1358 2342 jugulatus,

190 2365 233 2429 de
248 2365 339 2448 ligno
355 2364 387 2427 in
405 2383 527 2446 aquam
550 2363 682 2440 cadens,
702 2363 891 2427 submersus
907 2363 1072 2426 morietur.
1117 2362 1235 2427 Talem
1251 2363 1358 2428 multo

190 2470 280 2552 prius
305 2467 484 2533 terminum
511 2467 692 2550 promeruit
717 2467 804 2545 vitae,
830 2467 887 2549 qui
914 2468 1017 2532 totius
1043 2487 1153 2551 regem
1180 2468 1358 2533 trucidavit

191 2573 323 2639 Scotiae.
369 2571 455 2655 Quae
478 2570 566 2635 beati
588 2572 649 2634 viri
672 2572 847 2655 prophetia
869 2572 911 2636 de
934 2581 1074 2655 utroque
1089 2572 1272 2655 adimpleta
1286 2582 1358 2653 est;

191 2697 269 2742 nam
292 2676 462 2760 presbiteri
488 2675 671 2739 Findchani
695 2678 815 2740 dexter
844 2696 903 2758 per
925 2695 1075 2760 pugnum
1098 2675 1302 2758 putrefactus
1322 2677 1356 2741 in

190 2793 311 2847 terram
338 2799 415 2844 eum
446 2780 622 2863 praecessit,
649 2780 681 2843 in
713 2780 769 2844 illa
798 2779 948 2862 sepultus
977 2779 1085 2844 insula
1114 2799 1189 2863 quae
1219 2780 1359 2847 Omon⁶

192 2894 422 2967 nuncupatur:
456 2884 526 2967 ipse
549 2904 636 2960 veru,
659 2885 761 2968 juxta
784 2885 921 2948 verbum
951 2884 1057 2947 sancti
1087 2882 1270 2961 Columbae,
1300 2904 1359 2967 per

192 2989 315 3054 multos
352 2997 428 3071 post
457 2987 544 3051 vixit
580 3008 693 3052 annos.
755 2986 864 3051 Aidus
893 3007 971 3051 vero
1005 2988 1119 3071 Niger,
1147 2988 1360 3054 solummodo

192 3094 326 3158 nomine
349 3091 518 3175 presbiter,
539 3093 582 3156 ad
606 3112 666 3156 sua
688 3093 797 3175 priora
820 3111 968 3157 reversus
990 3092 1122 3171 scelera,
1142 3093 1222 3157 dolo
1244 3093 1359 3158 lancea

192 3197 381 3275 transfixus,
396 3199 439 3262 de
454 3216 551 3280 prora
567 3197 646 3261 ratis
661 3198 694 3260 in
710 3217 832 3280 aquam
850 3197 961 3280 lapsus
976 3205 1160 3281 stagneam,
1176 3198 1332 3281 disperiit
1346 3211 1359 3250 ²

526 3635 730 3703 CAPUT
776 3633 1024 3702 XXXVII.

191 3821 243 3886 De
256 3821 395 3906 quodam
412 3822 531 3889 Sancti
541 3824 696 3890 solamine
716 3825 853 3908 spiritus
870 3823 1043 3890 Monachis
1065 3824 1100 3889 in
1123 3824 1180 3890 mir
1193 3823 1361 3891 tabonhu

724 3950 828 3995 mrsso.

195 4096 315 4161 INTER
331 4097 391 4162 has
407 4098 634 4181 praedicabiles
653 4100 837 4183 prophetici
853 4099 987 4184 spiritus
1006 4100 1277 4184 prophetationes
1292 4121 1358 4165 non

192 4202 235 4265 ab
251 4222 285 4265 re
300 4203 430 4267 videtur
452 4205 554 4268 etiam
577 4206 620 4269 de
642 4207 789 4288 quadam
813 4206 974 4287 spirituali
996 4206 1222 4270 consolatione
1240 4206 1361 4271 nostris

227 4435 374 4496 ⁶Ommou,
387 4436 421 4486 Α.
457 4436 510 4487 Not
522 4436 660 4489 identified.

229 4533 241 4570 r
254 4518 398 4583 According
410 4527 437 4567 to
452 4519 611 4582 Tiphemach
631 4521 657 4571 in
678 4518 734 4585 588.
770 4521 826 4572 The
848 4521 867 4550 ‘⁴
876 4538 941 4590 equa
957 4531 1061 4593 stagnea
1067 4521 1083 4546 ’⁹
1094 4523 1176 4576 which
1187 4523 1300 4578 received
1311 4523 1365 4579 uim

195 4615 247 4652 tras
258 4600 381 4669 probubly
393 4600 484 4670 laugh
496 4601 581 4657 nah.
