3226 5520
274 480 318 548 4²
709 456 1009 534 OFFICIUM

324 673 387 723 Ant.
424 673 532 724 Romam
544 680 632 739 petens
643 673 768 739 dogmatis
778 682 853 723 causa
863 670 981 733 visitarit,

422 755 473 806 Sed
484 754 543 806 vitae
554 771 599 821 pro
610 755 705 806 meritis
716 755 805 821 presul
817 754 945 807 remearit.

599 838 641 888 Pr.
656 838 739 902 Quare
751 837 909 888 tremuerunt.

324 919 388 971 Ant.
424 920 516 972 Factus
525 919 567 971 hic
579 919 723 971 Britonibns
734 919 793 971 fidei
804 919 908 985 legatus,

422 1002 534 1054 Perfidos
544 1002 666 1054 sollicitus
677 1001 789 1069 reprimit
800 1009 912 1054 conatus.

597 1087 639 1137 Pr.
654 1085 765 1137 Domine
775 1083 844 1152 quid.

321 1167 386 1219 Vm.
421 1167 526 1219 Amavit
536 1175 583 1220 etc

307 1284 389 1336 Lectio
403 1286 426 1336 I.
463 1285 604 1337 Gloriosam
615 1285 764 1337 sanctissimi
776 1284 880 1336 Niniaui
892 1285 969 1336 vitam
985 1283 1072 1335 divina
1082 1283 1156 1335 nobis
1169 1283 1329 1336 commendat
1340 1283 1447 1336 auctori·

276 1373 322 1428 tas,
331 1382 388 1433 quae
396 1376 508 1418 sanctum
518 1367 684 1434 patriarcham
695 1368 824 1419 Abraham
835 1376 931 1434 patrem
941 1369 1075 1419 multarum
1082 1367 1195 1433 gentium
1204 1375 1229 1417 et
1238 1366 1297 1418 fidei
1306 1366 1446 1433 principem

276 1457 336 1501 ante
353 1458 465 1516 tempora
482 1450 610 1501 saecularia
622 1450 826 1517 predestinatum,
845 1450 889 1501 tali
908 1450 1016 1517 primum
1034 1449 1153 1516 probatur
1172 1449 1309 1500 instituisse
1327 1449 1447 1500 oraculo:

278 1533 404 1599 Egredere
420 1533 453 1584 de
469 1541 533 1584 terra
550 1542 576 1584 et
592 1533 624 1584 de
640 1532 790 1599 cognatione
806 1540 849 1583 tus
859 1541 884 1584 et
901 1533 933 1584 de
949 1532 1026 1583 domo
1043 1531 1121 1598 patris
1131 1531 1176 1592 tui,
1194 1539 1219 1582 et
1234 1531 1298 1583 vade
1313 1531 1340 1582 iu
1354 1538 1448 1582 terram

277 1631 353 1682 quam
364 1624 534 1667 monstravero
544 1616 591 1667 tibi
602 1615 728 1668 etfaciam
740 1624 765 1667 te
775 1630 885 1667 uesceoe
896 1615 924 1666 iu
934 1623 1035 1682 gentem
1047 1629 1172 1680 magnam.

316 1716 389 1782 Resp.
425 1714 550 1767 Ninianus
560 1715 659 1777 nobilis,
676 1714 681 1780 Ι
695 1716 761 1768 clare
772 1730 834 1782 puer
844 1714 945 1776 indolis,
960 1713 965 1780 Ι
979 1714 1056 1767 sacris
1067 1713 1202 1766 inardescit
1212 1731 1221 1776 ς

423 1798 461 1850 Ut
472 1798 508 1849 sic
519 1798 597 1864 prosit
608 1798 703 1865 patriae,
719 1796 724 1864 Ι
738 1814 765 1850 se
776 1806 902 1865 preseumt
912 1797 995 1860 curie,
1011 1795 1016 1863 Ι
1030 1811 1081 1865 qua
1091 1797 1182 1864 presul
1193 1796 1301 1849 recessit.

323 1880 388 1932 νινε.
424 1881 459 1931 Et
469 1881 583 1947 conjectu
595 1881 695 1947 spiritus
709 1878 714 1945 Ι
727 1881 781 1947 ejus
791 1881 883 1934 mentis
893 1880 994 1933 habitus
1006 1879 1012 1946 Ι
1027 1880 1140 1932 Mutina
1151 1879 1273 1943 clarescit,

424 1964 461 2016 Ut
472 1971 520 2015 etc.

310 2079 392 2130 Lectio
407 2080 446 2130 ΙΙ.
483 2077 643 2131 Beatissimus
660 2079 792 2142 Ninianus,
806 2078 893 2131 relicta
904 2077 985 2146 patris
996 2080 1123 2146 domoque
1134 2078 1220 2146 patris,
1232 2077 1322 2130 didicit
1338 2077 1365 2130 iu
1381 2085 1448 2130 terra

277 2160 360 2213 aliena
371 2161 439 2227 quod
456 2169 512 2226 post
523 2161 624 2213 doceret
640 2160 667 2212 in
683 2161 791 2228 propria,
806 2162 955 2212 constitutus
971 2161 1111 2213 sDornino
1127 2176 1203 2228 super
1214 2170 1302 2227 gentes
1318 2169 1344 2213 et
1360 2176 1447 2226 regns,

278 2244 385 2296 evellere
396 2251 421 2295 et
432 2244 566 2304 destruere,
579 2244 693 2310 plantare
703 2251 729 2295 et
741 2241 872 2295 adificare.
909 2242 993 2310 liujus
1008 2242 1145 2295 beatissimi
1156 2243 1204 2295 riri
1215 2253 1240 2295 et
1251 2243 1450 2294 conversationis

278 2328 332 2394 ejus
348 2342 418 2378 sacra
435 2326 571 2392 primordia
587 2334 611 2378 et
628 2326 766 2377 sanctitatis
777 2326 892 2392 insignia,
906 2326 1055 2393 dignitatem
1066 2326 1142 2377 officii
1152 2332 1177 2378 et
1189 2325 1295 2377 fructum
1307 2324 1448 2386 ministerii,

275 2410 351 2461 tinem
362 2410 485 2476 optimum
497 2418 522 2460 et
533 2409 626 2460 laboris
637 2409 767 2474 praemium
778 2407 928 2460 venerabilis
945 2409 1014 2460 Beda
1030 2407 1057 2460 in
1074 2408 1243 2461 eeclesiastioe
1259 2407 1363 2460 historia
1378 2407 1450 2474 genti

277 2508 329 2544 suae
340 2491 494 2558 paucissimis
504 2491 683 2543 commendans
694 2492 776 2543 verbis
787 2491 823 2542 ita
833 2492 866 2543 de
876 2508 908 2543 eo
918 2491 1011 2544 scribit.

316 2592 389 2656 Resp.
425 2590 514 2641 Pastor
525 2590 589 2642 redit
600 2608 607 2641 a
623 2589 651 2641 fit
663 2590 764 2656 plausus
775 2590 897 2654 omnium,

424 2673 500 2725 Plebs
512 2673 606 2735 obedit,
619 2672 682 2739 lugit
693 2673 848 2736 demonium,

425 2755 559 2806 Reseratur
570 2755 632 2807 fides
643 2755 805 2816 credentium,

424 2835 499 2886 Cedit
510 2851 586 2898 error,
600 2836 688 2887 crescit
699 2836 853 2887 miraculum.

323 2918 388 2970 Vera.
423 2919 493 2970 Gens
503 2918 607 2970 seducta
617 2925 734 2985 suggestu
746 2918 881 2969 demonum

424 3000 473 3052 Per
484 3001 550 3052 hunc
562 3000 682 3053 Sanctum
692 3001 772 3053 credit
782 3001 809 3052 in
821 3000 968 3063 Dominum,

425 3082 499 3135 Cedit
511 3090 558 3135 etc.

312 3200 395 3250 Lectio
407 3200 459 3249 ΙΙΙ.
490 3200 567 3250 Anno
578 3198 611 3249 ab
621 3198 791 3250 incarnatione
803 3198 906 3249 Domini
917 3198 1119 3265 quingentesimo
1130 3199 1283 3265 usagesimo
1294 3197 1390 3265 quinto,
1401 3213 1452 3264 quo

280 3289 392 3349 ternpore
408 3282 604 3348 gubernaculum
618 3282 725 3333 Romani
737 3282 834 3347 imperii
852 3291 908 3347 post
926 3282 1094 3348 justinianum
1113 3283 1226 3348 Justinus
1244 3282 1326 3332 minor
1344 3281 1450 3346 accepit,

279 3366 348 3415 venit
370 3366 402 3415 de
426 3364 536 3415 libernia
559 3365 687 3429 presbyter
708 3373 733 3415 et
755 3365 834 3414 abbas
853 3364 940 3414 habitu
961 3374 986 3414 et
1005 3364 1056 3414 vitn
1076 3364 1192 3415 monachi
1214 3363 1327 3428 insignis,
1349 3363 1453 3414 nomine

280 3447 414 3506 Columba,
438 3445 600 3505 britanniam,
623 3446 792 3511 predicaturus
808 3446 911 3496 verbum
925 3446 974 3496 Dei
992 3446 1126 3512 provinciis
1143 3445 1374 3511 septentrionalium
1395 3445 1450 3495 Pic-

281 3535 370 3589 torum,
385 3529 433 3580 hoc
445 3536 490 3588 est,
501 3528 537 3579 eis
548 3544 604 3594 quae
612 3529 696 3579 arduis
704 3536 778 3595 atque
789 3528 947 3580 horrentibus
958 3528 1081 3579 montium
1089 3528 1157 3595 jugis
1167 3528 1200 3579 ab
1208 3527 1357 3580 australibus
1364 3543 1451 3578 eorum

280 3620 338 3662 sunt
352 3611 494 3676 regionibus
505 3617 671 3676 sequestratae.

319 3710 392 3776 Resp.
430 3710 484 3760 Rex
495 3724 612 3775 nequam,
625 3709 721 3760 monita
731 3716 894 3762 contemnens
905 3709 1025 3777 praesulis,

428 3792 487 3843 Luit
499 3790 633 3857 opprobria
643 3792 731 3843 dolore
742 3791 848 3857 capitis3

428 3875 478 3925 Sed
490 3889 566 3940 quem
576 3874 714 3925 obduxerat
725 3874 823 3925 caecitas
835 3874 944 3936 luminis,

428 3955 541 4005 Firmum
552 3955 693 4007 reddiderat
704 3954 731 4005 in
744 3955 792 4006 fide
803 3956 921 4006 numinis.

323 4036 389 4087 Vm.
425 4037 466 4087 Fit
478 4036 559 4088 morbi
570 4037 677 4102 duplicis
687 4037 780 4102 duplex
790 4037 902 4089 curatio:

427 4119 517 4170 Cordis
527 4125 553 4169 et
563 4118 674 4185 corporis
685 4117 844 4170 illuminatio.

428 4201 479 4253 Sed
491 4208 539 4251 etc.

346 4301 381 4351 In
399 4302 439 4352 Il.
458 4301 596 4351 Nocturna.

327 4382 391 4434 Ant.
427 4382 507 4432 Tactu
519 4381 565 4432 viri
574 4380 677 4447 justitiae
691 4379 696 4445 Ι
710 4380 765 4432 visu
776 4380 908 4447 prirentur
919 4381 986 4434 oculi

427 4464 513 4530 Regis,
526 4464 590 4516 tastu
601 4463 723 4530 superbiae
736 4461 741 4528 Ι
756 4464 854 4514 molesti
865 4472 953 4516 sancto
964 4463 1070 4530 pracati.

603 4546 646 4598 Pr·
661 4545 726 4599 Cum
736 4545 887 4599 invocarem.
