3226 5520
589 501 898 572 COLUMBAE.
1263 524 1322 594 133

161 722 332 792 memorat,
355 733 375 778 a
398 713 545 779 Domino
566 734 702 799 sperans
724 734 760 780 se
785 721 996 799 accepturam
1019 736 1077 799 per
1099 735 1153 781 me
1174 715 1323 782 consola·

161 816 294 881 tionem.
340 817 430 901 Quid
446 818 564 901 plura?
605 818 758 904 Lugaido
773 819 1022 898 obsecundanti,
1038 829 1071 886 et
1085 829 1325 905 consequenter

161 921 346 1005 emigranti,
362 921 505 988 Sanctus
526 923 658 1006 pineam
675 924 776 990 tradit
796 944 871 990 cum
892 923 1122 990 benedictione
1137 924 1324 1010 capsellam,

162 1024 295 1090 dicens:
322 1026 525 1105 Benedictio,
542 1046 617 1110 quae
640 1028 672 1091 in
696 1027 758 1092 hac
780 1027 959 1112 capsellula
980 1029 1176 1108 continetur,
1190 1031 1326 1113 quando

161 1131 203 1193 ad
235 1129 442 1213 Mauginam¹
472 1132 642 1214 pervenies
667 1132 876 1210 visitandam,
903 1132 935 1195 in
963 1152 1059 1216 aquae
1080 1132 1251 1197 vasculum
1276 1131 1324 1195 in·

162 1234 318 1317 tingatur,
340 1235 524 1318 eademque
548 1234 789 1300 benedictionis
810 1256 897 1319 aqua
920 1256 1018 1321 super
1039 1236 1111 1321 ejus
1134 1236 1326 1300 infundatur

161 1359 283 1403 coxam
296 1361 305 1419 ;
327 1348 361 1403 et
376 1341 498 1418 statim,
513 1340 667 1404 invocato
683 1340 747 1404 Dei
763 1342 906 1420 nomine,
917 1342 1035 1406 coxale
1050 1341 1269 1426 conjungetur
1279 1359 1327 1419 os,

162 1453 196 1509 et
218 1444 432 1524 densabitur;
460 1454 495 1508 et
520 1452 636 1508 sancta
660 1444 754 1528 virgo
780 1444 913 1528 plenam
940 1445 1146 1529 recuperabit
1175 1445 1324 1510 salutem.

164 1549 209 1613 Et
224 1549 287 1614 hoc
304 1549 447 1616 Sanctus
462 1549 576 1615 addit:
599 1549 652 1614 En
673 1568 737 1634 ego
757 1568 868 1614 coram
884 1551 917 1615 in
932 1550 1032 1634 hujus
1045 1569 1155 1635 capsae
1170 1548 1327 1633 operculo

163 1672 336 1718 numerum
348 1653 466 1739 viginti
482 1654 581 1719 trium
597 1674 760 1719 annorum
776 1655 934 1736 describo,
945 1655 1065 1739 quibus
1080 1674 1173 1720 sacra
1183 1654 1277 1737 virgo
1291 1653 1326 1718 in

163 1756 225 1820 hac
240 1757 404 1841 praesenti‚
416 1765 492 1842 post
504 1759 644 1823 eandem
656 1757 807 1837 salutem,
817 1759 945 1824 victura
956 1770 1007 1825 est
1016 1760 1092 1825 vita
1116 1758 1203 1845 Quae
1214 1758 1328 1824 omnia

163 1861 209 1925 sic
221 1861 319 1945 plene
331 1860 467 1945 expleta
482 1869 568 1940 sunt,
580 1862 675 1927 sicuti
691 1883 712 1927 a
727 1862 853 1929 Sancto
867 1865 1045 1949 praedicta:
1067 1884 1145 1929 nam
1161 1863 1274 1928 statim
1289 1870 1327 1928 ut

165 1965 336 2050 Lugaidus
357 1966 399 2030 ad
420 1975 570 2033 sanctam
588 1967 738 2051 pervenit
757 1967 928 2052 virginem,
943 1988 1030 2052 aqua
1044 1966 1228 2047 benedicta,
1242 1968 1328 2033 sicut

165 2071 309 2138 Sanctus
338 2071 592 2150 commendavit,
618 2070 750 2155 perfusa
780 2092 876 2152 coxa,
901 2073 973 2138 sine
1002 2072 1070 2137 ulla
1096 2071 1224 2138 morula
1249 2091 1327 2136 con-

163 2176 304 2240 densato
327 2195 409 2254 osse,
434 2174 533 2258 plene
559 2185 676 2242 sanata
702 2184 775 2256 est,
804 2177 896 2242 etin
922 2176 1068 2242 adventu
1095 2175 1195 2261 legati
1221 2174 1327 2241 sancti

165 2278 340 2346 Columbae
362 2299 438 2345 cum
461 2280 588 2365 ingenti
608 2280 788 2366 gratiarum
807 2281 937 2347 actione
952 2280 1075 2366 gavisa,
1089 2279 1207 2365 viginti
1222 2279 1328 2345 tribus

164 2382 269 2461 annis,
290 2385 473 2449 secundum
496 2383 612 2451 Sancti
634 2384 853 2470 prophetiam,
874 2394 952 2471 post
973 2385 1160 2465 sanitatem,
1175 2384 1209 2449 in
1231 2382 1328 2449 bonis

164 2489 294 2554 actibus
309 2508 515 2572 permanens,
529 2488 623 2556 vixit

597 2965 797 3035 CAPUT
833 2966 909 3034 Vl.

274 3199 327 3265 De
339 3198 393 3265 his
406 3220 476 3284 quae
490 3199 526 3264 in
541 3198 646 3265 Dorso
663 3196 766 3266 Ειατιι
781 3208 920 3283 peracta
932 3207 1011 3264 stant
1022 3195 1224 3263 divnsmm

551 3303 748 3370 sanitatibus
762 3303 951 3370 morborum.

167 3530 242 3596 Vnt
264 3530 342 3594 vitae
364 3529 593 3615 praedicabilis,
615 3529 711 3595 sicuti
733 3528 829 3594 nobis
851 3528 895 3593 ab
916 3526 1065 3612 expertis
1089 3524 1249 3592 traditum
1271 3532 1331 3601 est,

167 3635 371 3699 diversorum
388 3634 563 3719 languores
578 3633 791 3712 infirmorum,
806 3633 960 3697 invocato
975 3628 1097 3697 Christi
1113 3629 1256 3706 nomine,
1268 3627 1332 3691 illis

168 3739 201 3802 in
227 3738 344 3803 diebus
371 3741 509 3816 sanavit,
534 3738 664 3822 quibus,
689 3740 732 3804 ad
759 3756 874 3822 regum
904 3753 1045 3820 pergens
1070 3733 1270 3809 condictum,
1296 3732 1331 3796 in

168 3841 280 3906 Dorso
295 3841 402 3920 Cette,
416 3843 507 3907 brevi
522 3852 746 3908 commoratus
760 3852 812 3907 est
826 3853 983 3926 tempore
1030 3839 1118 3904 Nam
1134 3847 1193 3904 aut
1207 3845 1332 3901 sanctae

169 3966 286 4010 manus
310 3948 530 4029 protensione,
552 3956 611 4011 aut
632 3967 719 4031 aqua
741 3946 784 4011 ab
807 3966 849 4011 eo
873 3945 1059 4022 benedicta,
1080 3941 1197 4026 aegroti
1221 3939 1332 4024 plures

168 4050 301 4133 aspersi,
314 4062 372 4116 aut
388 4053 489 4116 etiam
505 4050 643 4116 fimbriae
658 4052 730 4135 ejus
745 4059 835 4115 tactu
848 4046 1038 4134 amphibali,
1048 4055 1107 4112 aut
1121 4043 1260 4128 alicujus
1275 4043 1333 4122 rei,

168 4154 246 4219 salis
276 4155 430 4220 videlicet
465 4153 518 4220 vel
555 4155 659 4238 panis,
688 4153 918 4218 benedictione
947 4159 1092 4234 accepta,
1122 4157 1156 4213 et
1185 4146 1332 4232 lymphis

168 4258 317 4338 intincta,
333 4258 465 4343 plenam
481 4260 652 4324 credentes
668 4265 900 4342 recuperarunt
914 4254 1063 4322 salutem

593 4597 908 4669 'wecterii
