3226 5520
220 500 279 580 148
505 495 653 561 vrrn
693 494 996 562 11.-LIBER
1034 495 1090 561 11.

218 706 378 782 Dextera,
414 713 502 767 retro
545 703 725 787 repedavit,
762 704 931 768 aestimans
968 705 1058 786 quod
1095 710 1248 767 sanctum
1286 700 1389 766 hasta

215 805 437 873 transfixisset
465 807 580 871 virum.
649 807 729 870 Post
760 827 806 871 ex
842 826 882 871 ea
918 806 972 871 die
1009 803 1212 889 completum
1246 824 1387 883 annum,

216 932 292 976 cum
338 911 481 977 Sanctus
525 912 559 974 in
607 910 689 974 lona
726 922 984 975 commoraretur
1021 910 1149 975 insula:
1193 910 1312 995 Usque
1349 909 1385 973 in

215 1016 301 1079 hanc
338 1016 436 1092 diem,
466 1016 522 1092 ait,
552 1015 735 1099 integratus
773 1025 823 1079 est
860 1035 975 1093 annus,
1004 1036 1049 1079 ex
1086 1035 1154 1099 qua
1189 1014 1244 1078 die
1282 1014 1386 1079 Iam·

216 1122 314 1198 dess,⁴
341 1120 374 1183 in
404 1130 566 1201 quantum
597 1120 714 1203 potuit,
742 1120 971 1183 Finducanum
1003 1138 1077 1183 mea
1103 1118 1271 1203 jugulavit
1295 1119 1385 1198 vice;

216 1225 274 1287 sed
298 1231 332 1288 et
354 1224 433 1307 ipse,
454 1233 491 1287 ut
515 1223 653 1299 aestimo,
676 1221 738 1286 hac
761 1222 794 1286 in
819 1222 901 1286 hora
922 1222 1100 1307 jugulatur.
1157 1220 1259 1305 Quod
1282 1221 1387 1306 Juxta

217 1327 331 1393 Sancti
347 1327 581 1392 revelationem
604 1328 722 1391 eodem
739 1337 911 1390 momento
926 1327 959 1390 in
976 1327 1032 1390 illa
1054 1326 1161 1391 insula
1183 1327 1308 1391 iactum
1324 1335 1386 1404 eet,

217 1452 292 1513 quae
309 1431 428 1496 Latine
445 1433 576 1515 Longa⁵
590 1432 725 1496 vocitari
741 1441 866 1515 potest:
884 1432 940 1495 ubi
957 1432 1027 1515 ipse
1041 1430 1131 1496 solus
1147 1431 1336 1510 Lam-deas,
1351 1431 1385 1494 in

218 1536 329 1619 aliqua
364 1537 508 1600 virorum
546 1536 699 1618 utrinque
736 1546 811 1600 acta
848 1535 1106 1620 belligeratione,
1140 1534 1296 1613 Cronani,
1326 1533 1386 1599 filii

219 1639 373 1703 Baithani
386 1639 499 1723 jaculo
514 1637 702 1718 transfixus,
715 1639 747 1702 in
760 1640 903 1719 nomine,
917 1650 954 1704 ut
970 1639 1079 1718 fertur,
1090 1640 1197 1704 sancti
1209 1639 1387 1706 Columbae

217 1744 349 1821 emisso,
365 1744 553 1823 interierat;
576 1754 701 1827 etpost
723 1743 794 1827 ejus
818 1745 997 1823 interitum,
1019 1744 1212 1829 belligerare
1229 1744 1293 1808 viri
1314 1764 1386 1809 ces-

218 1857 340 1913 sarunt

608 2182 812 2251 CAPUT
850 2183 990 2248 XXV.

218 2353 270 2418 De
284 2354 349 2419 alto
363 2354 577 2418 innocentium
584 2366 789 2438 persecutore,
803 2356 874 2439 ¹qur'
886 2356 921 2418 in
936 2352 1170 2438 Laginensr'um
1178 2353 1385 2438 provr'ncr'a,³

304 2458 387 2521 sicut
400 2459 555 2522 Ananias
575 2480 681 2524 coram
697 2460 803 2539 Petro,
818 2460 923 2524 eodem
946 2468 1102 2524 momento
1115 2479 1138 2523 a
1153 2458 1277 2524 Sancto
1291 2460 1390 2523 terri-

306 2561 414 2625 biliter
426 2562 622 2646 obJ'rrrgatus,
637 2564 748 2628 cecidit
763 2574 930 2629 mortuus.²

222 2734 307 2799 CUM
323 2735 373 2799 vir
386 2735 512 2814 beatuS,
528 2737 636 2800 adhuc
648 2737 779 2819 juvenis
795 2737 962 2814 diaconus,
979 2736 1012 2799 in
1028 2744 1123 2819 parte
1138 2734 1392 2818 Laginensiurn,

220 2839 366 2903 divinam
391 2841 566 2905 addiscens
592 2842 798 2924 sapientiam,
820 2849 1077 2917 conversaretur,
1096 2840 1242 2922 quadam
1266 2840 1392 2905 accidit

220 2943 275 3007 die
290 2953 327 3007 ut
341 2944 443 3008 homo
466 2946 603 3027 quidam
626 2946 842 3010 innocuorum
866 2945 1003 3008 immitis
1024 2952 1214 3027 persecutor
1236 2944 1392 3023 crudelis,

221 3048 388 3128 quandam
406 3049 439 3110 in
462 3050 571 3131 campi
595 3048 733 3131 planitie
760 3047 894 3111 filiolam
920 3047 1101 3130 lugientem
1128 3057 1390 3130 persequeretur.

221 3150 307 3232 Quae
330 3173 405 3215 cum
431 3151 514 3215 sorte
535 3153 772 3216 Gemmanum⁴
796 3172 919 3228 senem,
940 3171 1039 3232 supra
1062 3151 1235 3214 memorati
1256 3151 1392 3234 juvenis

220 3255 351 3317 diaconi
376 3256 580 3338 magistrum,
597 3257 628 3318 in
645 3277 765 3338 campo
790 3256 954 3339 legentem
979 3256 1123 3332 vidisset,
1139 3254 1181 3318 ad
1204 3275 1281 3318 eum
1298 3266 1392 3318 recto

220 3377 326 3435 cursu,
342 3370 467 3439 quanta
481 3359 585 3422 valuit
607 3360 790 3438 velocitate,
806 3359 962 3442 confugit
1009 3357 1084 3441 Qui,
1100 3358 1158 3423 tali
1176 3359 1392 3441 perturbatus

220 3461 428 3539 subitatione,
446 3461 644 3526 Columbam
668 3463 797 3527 eminus
820 3464 985 3546 legentem
1009 3463 1158 3539 advocat,
1175 3471 1213 3525 ut
1228 3462 1340 3539 ambo,
1357 3463 1391 3525 in

220 3575 381 3646 quantum
408 3565 596 3644 valuissent,
622 3566 722 3630 filiam
751 3588 771 3630 a
793 3577 1011 3650 persequente
1038 3565 1261 3631 defenderent
1319 3565 1392 3649 Qui

220 3670 333 3732 statim
350 3672 591 3751 superveniens,
608 3671 698 3734 nulla
720 3672 767 3733 eis
783 3671 826 3734 ab
841 3692 882 3734 eo
897 3672 977 3735 data
992 3670 1180 3745 reverentia,
1198 3666 1302 3732 filiam
1327 3671 1393 3734 sub

219 3773 425 3835 vestimentis
451 3794 565 3836 eorum
592 3773 707 3838 lancea
733 3774 920 3857 jugulavit;
943 3782 977 3837 et
1003 3773 1190 3855 relinquens
1217 3771 1392 3854 jacentem

252 4020 264 4056 4
279 4005 366 4056 Called
379 4007 458 4056 above
471 4007 563 4057 Manus
575 4008 692 4058 Dextera.

253 4101 264 4138 5
278 4089 333 4138 The
344 4089 425 4138 island
437 4089 465 4138 oi
474 4087 563 4152 Luing.

254 4183 285 4209 1·2
297 4171 327 4221 B.
341 4171 391 4219 and
404 4170 486 4229 c0tt.;
504 4180 547 4220 not
559 4172 585 4221 in
596 4173 628 4221 A.

253 4254 400 4302 3Leinster.

252 4350 263 4385 4
280 4336 367 4385 “This
379 4336 503 4385 Gemman
516 4351 565 4385 was
583 4334 731 4400 probablya
748 4335 874 4387 Christian
891 4335 961 4396 bard,
976 4335 1006 4385 oi
1019 4335 1062 4385 the
1079 4348 1146 4384 same
1165 4332 1229 4383 class
1245 4348 1275 4383 as
1295 4333 1397 4387 Dallan

221 4415 337 4481 Forgaill,
353 4419 389 4468 St.
405 4417 549 4468 Columba’s
561 4419 703 4483 panegyrist
710 4437 717 4480 ς
734 4421 784 4468 and
796 4419 870 4482 being
882 4433 914 4466 an
925 4417 1066 4467 inhabitant
1078 4416 1106 4466 oi
1115 4415 1158 4466 the
1169 4415 1238 4479 plain
1250 4415 1282 4465 oi
1291 4417 1396 4480 Meath,

221 4515 271 4547 was
282 4499 389 4564 brought
401 4501 454 4549 into
466 4501 675 4550 communication
689 4501 749 4550 with
762 4503 799 4551 St.
815 4501 930 4559 Finnian,
945 4499 1029 4550 whose
1040 4498 1132 4549 church
1145 4513 1195 4547 was
1207 4498 1249 4547 the
1265 4497 1398 4566 principal

219 4596 268 4630 oue
279 4581 305 4630 in
318 4582 360 4632 the
372 4582 513 4646 territory.’'
547 4582 593 4632 Dr.
609 4584 713 4644 Reeves,
727 4585 849 4643 Adamn,
861 4599 885 4646 p.
903 4592 956 4646 137.
