3226 5520
678 468 940 534 uramur.
1345 486 1387 554 39

219 677 297 748 tem,
313 679 347 737 et
362 680 514 737 sanctum
537 671 735 737 arbitrantes
749 673 906 757 quicquid
922 683 1056 738 sanctus
1071 675 1255 758 contigerat
1272 675 1386 738 Ninia·

220 793 292 852 nus,
315 773 447 839 lavacro
469 774 527 839 illo
552 795 588 840 se
614 774 798 841 abluendos
824 785 990 860 putarunt.
1051 776 1083 843 O
1107 798 1229 843 novum
1259 778 1387 842 Helisei

220 877 394 961 propheta
409 878 624 944 miraculum!
653 879 684 946 Ο
701 899 788 944 nova
803 900 869 945 non
886 881 991 959 unius,
1000 882 1058 946 sed
1071 882 1222 961 duorum,
1233 880 1387 946 Naaman

220 981 434 1047 emundatio!
479 982 583 1049 Venit
608 984 762 1048 Naaman
786 984 819 1047 in
843 984 959 1067 spiritu
984 986 1253 1070 praesumptionis
1277 986 1329 1049 isti
1353 987 1386 1049 in

220 1086 337 1170 spiritu
353 1086 567 1151 humilitatis:
592 1087 647 1152 ille
669 1087 702 1151 in
718 1087 936 1167 dubitatione,
951 1088 1005 1153 isti
1029 1089 1063 1152 in
1080 1088 1152 1153 fide.
1201 1089 1387 1154 Dubitabat

221 1211 282 1256 rex
305 1191 410 1270 Siriae,
433 1191 610 1257 dubitabat
632 1213 693 1256 rex
717 1191 828 1270 Israel,
851 1191 1027 1258 dubitabat
1051 1193 1229 1272 Naaman;
1256 1192 1388 1257 dubita·

220 1295 279 1360 bat
295 1315 355 1358 rex
379 1295 475 1361 Siriae
487 1317 495 1375 ;
521 1295 697 1361 dubitabat
719 1305 753 1360 et
775 1295 995 1379 superbiebat,
1011 1296 1067 1380 qui
1091 1317 1157 1360 non
1180 1297 1222 1361 ad
1246 1298 1388 1381 prophe-

221 1407 301 1478 tam,
315 1399 373 1463 sed
390 1398 432 1463 ad
450 1419 572 1481 regem,
588 1398 755 1483 leprosum
771 1417 868 1463 suum
885 1399 1086 1464 mittendum
1103 1399 1241 1482 putavit.
1281 1399 1386 1464 Dubi-

221 1503 304 1568 tavit
328 1523 389 1566 rex
415 1502 528 1580 Israel,
550 1503 607 1586 qui
631 1503 754 1567 auditis
779 1502 896 1566 litteris
921 1503 1006 1587 regis
1037 1502 1141 1582 Siriae,
1167 1503 1264 1568 scidit
1290 1505 1388 1568 vesti·

222 1614 336 1670 menta
350 1625 418 1682 sua,
434 1616 468 1670 et
479 1606 543 1669 ait:
563 1605 734 1689 Numquid
752 1605 845 1670 Deus
856 1625 920 1689 ego
935 1626 1018 1684 sum,
1029 1615 1066 1671 ut
1081 1605 1245 1672 vivificare
1255 1607 1389 1690 possim,

220 1720 254 1775 et
270 1708 492 1774 mortificare?
537 1709 714 1775 Dubitavit
733 1710 896 1784 Naaman,
911 1710 978 1792 qui,
993 1709 1109 1774 audito
1124 1709 1296 1794 prophetae
1311 1731 1389 1774 con·

220 1813 302 1891 silio,
326 1813 501 1878 recedebat
528 1814 713 1896 indignans.
768 1811 921 1877 Naaman
945 1833 1025 1897 ergo
1047 1813 1080 1876 in
1105 1832 1200 1878 curru
1225 1813 1388 1898 superbia

220 1919 312 1983 stetit
327 1918 370 1982 ad
386 1917 533 1983 hostium
555 1917 689 1982 Helisei
738 1917 798 1983 lsti
814 1917 847 1981 in
872 1917 937 1982 fide
952 1927 986 1983 et
1001 1916 1190 1983 humilitate
1204 1918 1247 1982 ad
1264 1919 1388 1983 miseri-

219 2022 366 2087 cordiam
400 2021 583 2087 vociferant
613 2022 757 2087 Niniani
817 2021 941 2087 Merito
975 2021 1046 2105 ejus
1084 2021 1157 2086 sons
1188 2023 1325 2088 vertitur
1354 2024 1387 2087 in

221 2126 410 2210 Jordanem,
434 2125 599 2190 Ninianus
615 2127 648 2190 in
665 2124 884 2209 prophetam.¹
935 2123 1143 2190 Mundantur
1165 2124 1284 2209 leprosi
1296 2134 1388 2191 tactu

221 2231 350 2310 lavacri,
366 2231 424 2294 sed
449 2230 574 2295 meritis
597 2230 753 2310 Niniani;
774 2237 808 2294 et
831 2228 984 2294 restituta
1006 2238 1057 2295 est
1072 2249 1148 2295 caro
1163 2250 1288 2309 eorum,
1303 2231 1388 2297 sicut

221 2354 298 2399 caro
324 2333 470 2417 parvuli:
506 2343 781 2417 revertunturque
807 2334 850 2398 ad
877 2353 937 2397 sua
963 2333 1156 2412 incolumes,
1176 2335 1219 2399 ad
1246 2335 1387 2418 gloriam

224 2438 368 2515 Niniani,
391 2439 424 2503 in
449 2439 581 2503 laudem
606 2437 679 2516 Dei,
702 2438 736 2502 in
759 2436 883 2502 sanctis
905 2437 972 2501 suis
995 2438 1189 2503 mirabiliter
1209 2440 1387 2523 operantis.

222 2543 281 2610 Set
294 2543 364 2626 jam
385 2543 429 2607 sit
444 2542 542 2626 hujus
557 2542 666 2627 operis
683 2540 765 2620 finis,
780 2541 933 2624 quamvis
949 2542 1113 2607 miraculis
1129 2543 1234 2608 sancti
1251 2543 1387 2608 Niniani

223 2648 364 2711 necdum
380 2647 423 2711 sit
439 2645 533 2711 finis:
555 2666 631 2731 quae
646 2646 755 2711 adhuc
777 2646 897 2711 nostris
913 2647 1118 2731 temporibus
1133 2668 1304 2713 coruscare
1320 2668 1387 2713 non

220 2752 386 2831 desinunt,
397 2751 439 2815 ad
456 2751 588 2816 laudem
601 2760 636 2816 et
648 2751 788 2835 gloriam
806 2751 943 2815 Domini
956 2751 1058 2817 nostri
1077 2752 1174 2819 lhesu
1188 2752 1319 2831 Christi,
1330 2751 1387 2836 qui

224 2875 299 2920 cum
318 2858 415 2920 Patre
431 2867 465 2921 et
489 2855 614 2940 Spiritu
639 2856 765 2924 Sancto
780 2858 869 2923 vivet
883 2866 917 2923 et
933 2868 1050 2944 regnat
1065 2880 1125 2944 per
1139 2861 1252 2926 omnia
1267 2861 1388 2926 saecula

222 2958 428 3024 saeculorum.
476 2958 595 3025 Amen.
