<?xml version="1.0" encoding="UTF-8"?>
<!DOCTYPE html PUBLIC "-//W3C//DTD XHTML 1.0 Transitional//EN"
    "http://www.w3.org/TR/xhtml1/DTD/xhtml1-transitional.dtd">
<html xmlns="http://www.w3.org/1999/xhtml" xml:lang="en" lang="en">
 <head>
  <title>
</title>
<meta http-equiv="Content-Type" content="text/html;charset=utf-8" />
  <meta name='ocr-system' content='tesseract 3.04.00' />
  <meta name='ocr-capabilities' content='ocr_page ocr_carea ocr_par ocr_line ocrx_word'/>
</head>
<body>
  <div class='ocr_page' id='page_1' title='image "./pinkertonslives00pinkgoog_0193.png"; bbox 0 0 3226 5520; ppageno 0'>
   <div class='ocr_carea' id='block_1_1' title="bbox 409 488 1278 574">
    <p class='ocr_par' dir='ltr' id='par_1_1' title="bbox 409 488 1278 574">
     <span class='ocr_line' id='line_1_1' title="bbox 409 488 1278 574; baseline -0.002 -18"><span class='ocrx_word' id='word_1_1' title='bbox 409 506 469 574; x_wconf 81' lang='lat'>132</span> <span class='ocrx_word' id='word_1_2' title='bbox 694 490 840 556; x_wconf 80' lang='lat' dir='ltr'>vira</span> <span class='ocrx_word' id='word_1_3' title='bbox 879 489 1183 557; x_wconf 78' lang='lat' dir='ltr'>11.-Lrss1t</span> <span class='ocrx_word' id='word_1_4' title='bbox 1221 488 1278 555; x_wconf 90' lang='lat'>11.</span> 
     </span>
    </p>
   </div>
   <div class='ocr_carea' id='block_1_2' title="bbox 403 694 1584 887">
    <p class='ocr_par' dir='ltr' id='par_1_2' title="bbox 403 694 1584 887">
     <span class='ocr_line' id='line_1_2' title="bbox 403 694 1583 783; baseline -0.002 -20"><span class='ocrx_word' id='word_1_5' title='bbox 403 697 598 781; x_wconf 85' lang='lat' dir='ltr'>perveniens</span> <span class='ocrx_word' id='word_1_6' title='bbox 628 708 757 782; x_wconf 89' lang='lat' dir='ltr'>partem</span> <span class='ocrx_word' id='word_1_7' title='bbox 788 698 875 764; x_wconf 91' lang='lat' dir='ltr'>illius</span> <span class='ocrx_word' id='word_1_8' title='bbox 905 699 1056 783; x_wconf 84' lang='lat' dir='ltr'>regionis,</span> <span class='ocrx_word' id='word_1_9' title='bbox 1086 698 1217 782; x_wconf 87' lang='lat' dir='ltr'><strong>plebem</strong></span> <span class='ocrx_word' id='word_1_10' title='bbox 1254 699 1298 762; x_wconf 88' lang='lat' dir='ltr'>de</span> <span class='ocrx_word' id='word_1_11' title='bbox 1326 716 1397 780; x_wconf 86' lang='lat' dir='ltr'>qua</span> <span class='ocrx_word' id='word_1_12' title='bbox 1426 694 1583 762; x_wconf 80' lang='lat' dir='ltr'>Sanctus</span> 
     </span>
     <span class='ocr_line' id='line_1_3' title="bbox 404 798 1584 887; baseline -0.001 -23"><span class='ocrx_word' id='word_1_13' title='bbox 404 801 605 885; x_wconf 86' lang='lat' dir='ltr'>praedixerat</span> <span class='ocrx_word' id='word_1_14' title='bbox 616 801 824 867; x_wconf 86' lang='lat' dir='ltr'>devastatam</span> <span class='ocrx_word' id='word_1_15' title='bbox 836 801 932 867; x_wconf 90' lang='lat' dir='ltr'>nubis</span> <span class='ocrx_word' id='word_1_16' title='bbox 944 803 1113 887; x_wconf 83' lang='lat' dir='ltr'>praedictae</span> <span class='ocrx_word' id='word_1_17' title='bbox 1125 800 1302 867; x_wconf 83' lang='lat' dir='ltr'>morbifera</span> <span class='ocrx_word' id='word_1_18' title='bbox 1312 798 1450 884; x_wconf 89' lang='lat' dir='ltr'>reperiit</span> <span class='ocrx_word' id='word_1_19' title='bbox 1462 798 1584 883; x_wconf 81' lang='lat' dir='ltr'>pluvia</span> 
     </span>
    </p>
   </div>
   <div class='ocr_carea' id='block_1_3' title="bbox 403 902 1582 2535">
    <p class='ocr_par' dir='ltr' id='par_1_3' title="bbox 403 902 1582 2535">
     <span class='ocr_line' id='line_1_4' title="bbox 403 902 1582 990; baseline -0.003 -21"><span class='ocrx_word' id='word_1_20' title='bbox 403 906 645 990; x_wconf 89' lang='lat' dir='ltr'>superpluente,</span> <span class='ocrx_word' id='word_1_21' title='bbox 660 907 757 972; x_wconf 89' lang='lat' dir='ltr'>citius</span> <span class='ocrx_word' id='word_1_22' title='bbox 779 908 1028 990; x_wconf 84' lang='lat' dir='ltr'>praecurrentis:</span> <span class='ocrx_word' id='word_1_23' title='bbox 1051 905 1278 990; x_wconf 88' lang='lat' dir='ltr'>imprimisque</span> <span class='ocrx_word' id='word_1_24' title='bbox 1292 903 1344 970; x_wconf 89' lang='lat' dir='ltr'>bis</span> <span class='ocrx_word' id='word_1_25' title='bbox 1359 903 1448 969; x_wconf 88' lang='lat' dir='ltr'>terni</span> <span class='ocrx_word' id='word_1_26' title='bbox 1465 902 1529 968; x_wconf 90' lang='lat' dir='ltr'>viri</span> <span class='ocrx_word' id='word_1_27' title='bbox 1545 902 1582 967; x_wconf 90' lang='lat' dir='ltr'>in</span> 
     </span>
     <span class='ocr_line' id='line_1_5' title="bbox 403 1008 1581 1094; baseline -0.002 -21"><span class='ocrx_word' id='word_1_28' title='bbox 403 1011 521 1074; x_wconf 90' lang='lat' dir='ltr'>eadem</span> <span class='ocrx_word' id='word_1_29' title='bbox 538 1011 619 1075; x_wconf 89' lang='lat' dir='ltr'>mari</span> <span class='ocrx_word' id='word_1_30' title='bbox 629 1011 737 1075; x_wconf 89' lang='lat' dir='ltr'>vicina</span> <span class='ocrx_word' id='word_1_31' title='bbox 752 1012 854 1075; x_wconf 93' lang='lat' dir='ltr'>domo</span> <span class='ocrx_word' id='word_1_32' title='bbox 865 1011 985 1094; x_wconf 89' lang='lat' dir='ltr'>reperti</span> <span class='ocrx_word' id='word_1_33' title='bbox 1002 1011 1035 1074; x_wconf 92' lang='lat' dir='ltr'>in</span> <span class='ocrx_word' id='word_1_34' title='bbox 1048 1010 1207 1076; x_wconf 88' lang='lat' dir='ltr'>extremis</span> <span class='ocrx_word' id='word_1_35' title='bbox 1219 1019 1325 1075; x_wconf 91' lang='lat' dir='ltr'>morte</span> <span class='ocrx_word' id='word_1_36' title='bbox 1336 1008 1439 1093; x_wconf 90' lang='lat' dir='ltr'>positi</span> <span class='ocrx_word' id='word_1_37' title='bbox 1452 1027 1581 1093; x_wconf 90' lang='lat' dir='ltr'>appro-</span> 
     </span>
     <span class='ocr_line' id='line_1_6' title="bbox 404 1112 1581 1199; baseline -0.001 -23"><span class='ocrx_word' id='word_1_38' title='bbox 404 1112 594 1197; x_wconf 88' lang='lat' dir='ltr'>pinquante,</span> <span class='ocrx_word' id='word_1_39' title='bbox 616 1115 660 1181; x_wconf 91' lang='lat' dir='ltr'>ab</span> <span class='ocrx_word' id='word_1_40' title='bbox 685 1116 804 1180; x_wconf 87' lang='lat' dir='ltr'>eodem</span> <span class='ocrx_word' id='word_1_41' title='bbox 832 1115 972 1181; x_wconf 89' lang='lat' dir='ltr'>Silnano</span> <span class='ocrx_word' id='word_1_42' title='bbox 997 1136 1084 1199; x_wconf 91' lang='lat' dir='ltr'>aqua</span> <span class='ocrx_word' id='word_1_43' title='bbox 1112 1113 1352 1181; x_wconf 87' lang='lat' dir='ltr'>benedictionis</span> <span class='ocrx_word' id='word_1_44' title='bbox 1378 1113 1521 1197; x_wconf 89' lang='lat' dir='ltr'>aspersi,</span> <span class='ocrx_word' id='word_1_45' title='bbox 1543 1112 1581 1176; x_wconf 89' lang='lat' dir='ltr'>in</span> 
     </span>
     <span class='ocr_line' id='line_1_7' title="bbox 403 1215 1581 1303; baseline 0 -22"><span class='ocrx_word' id='word_1_46' title='bbox 403 1219 522 1282; x_wconf 90' lang='lat' dir='ltr'>eodem</span> <span class='ocrx_word' id='word_1_47' title='bbox 552 1219 707 1303; x_wconf 84' lang='lat' dir='ltr'>praesenti</span> <span class='ocrx_word' id='word_1_48' title='bbox 737 1220 792 1284; x_wconf 91' lang='lat' dir='ltr'>die</span> <span class='ocrx_word' id='word_1_49' title='bbox 817 1220 1013 1302; x_wconf 89' lang='lat' dir='ltr'>oportunius</span> <span class='ocrx_word' id='word_1_50' title='bbox 1042 1219 1149 1285; x_wconf 91' lang='lat' dir='ltr'>sanati</span> <span class='ocrx_word' id='word_1_51' title='bbox 1179 1227 1264 1284; x_wconf 81' lang='lat' dir='ltr'>sunt</span> <span class='ocrx_word' id='word_1_52' title='bbox 1319 1217 1424 1302; x_wconf 88' lang='lat' dir='ltr'>Cujus</span> <span class='ocrx_word' id='word_1_53' title='bbox 1452 1215 1581 1282; x_wconf 80' lang='lat' dir='ltr'>subitae</span> 
     </span>
     <span class='ocr_line' id='line_1_8' title="bbox 404 1321 1581 1408; baseline 0 -23"><span class='ocrx_word' id='word_1_54' title='bbox 404 1321 585 1386; x_wconf 90' lang='lat' dir='ltr'>sanationis</span> <span class='ocrx_word' id='word_1_55' title='bbox 594 1342 714 1402; x_wconf 92' lang='lat' dir='ltr'>rumor,</span> <span class='ocrx_word' id='word_1_56' title='bbox 723 1343 782 1408; x_wconf 90' lang='lat' dir='ltr'>per</span> <span class='ocrx_word' id='word_1_57' title='bbox 790 1332 897 1389; x_wconf 90' lang='lat' dir='ltr'>totam</span> <span class='ocrx_word' id='word_1_58' title='bbox 907 1323 1007 1402; x_wconf 91' lang='lat' dir='ltr'>illam,</span> <span class='ocrx_word' id='word_1_59' title='bbox 1017 1323 1133 1388; x_wconf 91' lang='lat' dir='ltr'>morbo</span> <span class='ocrx_word' id='word_1_60' title='bbox 1143 1321 1381 1406; x_wconf 66' lang='lat' dir='ltr'>pestilentiore⁵</span> <span class='ocrx_word' id='word_1_61' title='bbox 1393 1328 1581 1397; x_wconf 80' lang='lat' dir='ltr'>vastatam,</span> 
     </span>
     <span class='ocr_line' id='line_1_9' title="bbox 403 1420 1579 1510; baseline 0.002 -25"><span class='ocrx_word' id='word_1_62' title='bbox 403 1422 572 1506; x_wconf 84' lang='lat' dir='ltr'>regionem</span> <span class='ocrx_word' id='word_1_63' title='bbox 584 1425 651 1489; x_wconf 93' lang='lat' dir='ltr'>cito</span> <span class='ocrx_word' id='word_1_64' title='bbox 665 1425 863 1510; x_wconf 86' lang='lat' dir='ltr'>divulgatus,</span> <span class='ocrx_word' id='word_1_65' title='bbox 874 1446 1009 1490; x_wconf 91' lang='lat' dir='ltr'>omnem</span> <span class='ocrx_word' id='word_1_66' title='bbox 1023 1425 1210 1490; x_wconf 90' lang='lat' dir='ltr'>morbidum</span> <span class='ocrx_word' id='word_1_67' title='bbox 1222 1424 1266 1490; x_wconf 86' lang='lat' dir='ltr'>ad</span> <span class='ocrx_word' id='word_1_68' title='bbox 1277 1423 1384 1488; x_wconf 88' lang='lat' dir='ltr'>sancti</span> <span class='ocrx_word' id='word_1_69' title='bbox 1394 1420 1579 1489; x_wconf 79' lang='lat' dir='ltr'>Columbae</span> 
     </span>
     <span class='ocr_line' id='line_1_10' title="bbox 403 1525 1579 1615; baseline 0.003 -26"><span class='ocrx_word' id='word_1_70' title='bbox 403 1525 551 1609; x_wconf 86' lang='lat' dir='ltr'>legatum</span> <span class='ocrx_word' id='word_1_71' title='bbox 581 1528 733 1595; x_wconf 90' lang='lat' dir='ltr'>invitavit</span> <span class='ocrx_word' id='word_1_72' title='bbox 769 1530 951 1615; x_wconf 89' lang='lat' dir='ltr'>populum;</span> <span class='ocrx_word' id='word_1_73' title='bbox 987 1531 1053 1615; x_wconf 90' lang='lat' dir='ltr'>qui,</span> <span class='ocrx_word' id='word_1_74' title='bbox 1079 1530 1180 1614; x_wconf 90' lang='lat' dir='ltr'>juxta</span> <span class='ocrx_word' id='word_1_75' title='bbox 1210 1528 1325 1597; x_wconf 83' lang='lat' dir='ltr'>Sancti</span> <span class='ocrx_word' id='word_1_76' title='bbox 1362 1528 1579 1605; x_wconf 87' lang='lat' dir='ltr'>mandatum,</span> 
     </span>
     <span class='ocr_line' id='line_1_11' title="bbox 404 1628 1580 1718; baseline 0.002 -25"><span class='ocrx_word' id='word_1_77' title='bbox 404 1628 556 1695; x_wconf 89' lang='lat' dir='ltr'>homines</span> <span class='ocrx_word' id='word_1_78' title='bbox 571 1643 605 1697; x_wconf 90' lang='lat' dir='ltr'>et</span> <span class='ocrx_word' id='word_1_79' title='bbox 620 1652 739 1717; x_wconf 90' lang='lat' dir='ltr'>pecora</span> <span class='ocrx_word' id='word_1_80' title='bbox 754 1653 841 1717; x_wconf 90' lang='lat' dir='ltr'>pane</span> <span class='ocrx_word' id='word_1_81' title='bbox 860 1634 1000 1699; x_wconf 90' lang='lat' dir='ltr'>intincta</span> <span class='ocrx_word' id='word_1_82' title='bbox 1022 1633 1198 1699; x_wconf 91' lang='lat' dir='ltr'>benedicto</span> <span class='ocrx_word' id='word_1_83' title='bbox 1220 1651 1308 1718; x_wconf 90' lang='lat' dir='ltr'>aqua</span> <span class='ocrx_word' id='word_1_84' title='bbox 1329 1630 1528 1715; x_wconf 86' lang='lat' dir='ltr'>conspersit,</span> <span class='ocrx_word' id='word_1_85' title='bbox 1541 1641 1580 1696; x_wconf 89' lang='lat' dir='ltr'>et</span> 
     </span>
     <span class='ocr_line' id='line_1_12' title="bbox 404 1734 1579 1821; baseline 0.003 -24"><span class='ocrx_word' id='word_1_86' title='bbox 404 1734 563 1800; x_wconf 88' lang='lat' dir='ltr'>continuo</span> <span class='ocrx_word' id='word_1_87' title='bbox 574 1735 707 1820; x_wconf 90' lang='lat' dir='ltr'>plenam</span> <span class='ocrx_word' id='word_1_88' title='bbox 724 1747 953 1820; x_wconf 88' lang='lat' dir='ltr'>recuperantes</span> <span class='ocrx_word' id='word_1_89' title='bbox 965 1737 1116 1817; x_wconf 91' lang='lat' dir='ltr'>salutem,</span> <span class='ocrx_word' id='word_1_90' title='bbox 1127 1738 1288 1816; x_wconf 89' lang='lat' dir='ltr'>homines,</span> <span class='ocrx_word' id='word_1_91' title='bbox 1299 1756 1375 1802; x_wconf 88' lang='lat' dir='ltr'>cum</span> <span class='ocrx_word' id='word_1_92' title='bbox 1387 1734 1579 1821; x_wconf 84' lang='lat' dir='ltr'>pecudibus</span> 
     </span>
     <span class='ocr_line' id='line_1_13' title="bbox 404 1838 1577 1924; baseline 0.002 -22"><span class='ocrx_word' id='word_1_93' title='bbox 404 1838 531 1918; x_wconf 89' lang='lat' dir='ltr'>salvati,</span> <span class='ocrx_word' id='word_1_94' title='bbox 557 1839 726 1906; x_wconf 91' lang='lat' dir='ltr'>Christum</span> <span class='ocrx_word' id='word_1_95' title='bbox 750 1842 784 1906; x_wconf 92' lang='lat' dir='ltr'>in</span> <span class='ocrx_word' id='word_1_96' title='bbox 806 1853 923 1908; x_wconf 90' lang='lat' dir='ltr'>sancto</span> <span class='ocrx_word' id='word_1_97' title='bbox 945 1842 1118 1922; x_wconf 91' lang='lat' dir='ltr'>Columba,</span> <span class='ocrx_word' id='word_1_98' title='bbox 1142 1863 1219 1909; x_wconf 91' lang='lat' dir='ltr'>cum</span> <span class='ocrx_word' id='word_1_99' title='bbox 1241 1841 1367 1906; x_wconf 88' lang='lat' dir='ltr'>eximia</span> <span class='ocrx_word' id='word_1_100' title='bbox 1387 1840 1577 1924; x_wconf 83' lang='lat' dir='ltr'>gratiamm</span> 
     </span>
     <span class='ocr_line' id='line_1_14' title="bbox 405 1943 1579 2033; baseline 0.002 -27"><span class='ocrx_word' id='word_1_101' title='bbox 405 1943 536 2009; x_wconf 90' lang='lat' dir='ltr'>actione</span> <span class='ocrx_word' id='word_1_102' title='bbox 556 1944 739 2012; x_wconf 89' lang='lat' dir='ltr'>laudarunt</span> <span class='ocrx_word' id='word_1_103' title='bbox 787 1947 826 2012; x_wconf 94' lang='lat' dir='ltr'>ln</span> <span class='ocrx_word' id='word_1_104' title='bbox 850 1947 913 2012; x_wconf 92' lang='lat' dir='ltr'>hac</span> <span class='ocrx_word' id='word_1_105' title='bbox 939 1949 1052 2033; x_wconf 89' lang='lat' dir='ltr'>itaque</span> <span class='ocrx_word' id='word_1_106' title='bbox 1076 1948 1299 2033; x_wconf 89' lang='lat' dir='ltr'>suprascripta</span> <span class='ocrx_word' id='word_1_107' title='bbox 1320 1944 1523 2024; x_wconf 86' lang='lat' dir='ltr'>narratione,</span> <span class='ocrx_word' id='word_1_108' title='bbox 1536 1954 1579 2009; x_wconf 91' lang='lat' dir='ltr'>ut</span> 
     </span>
     <span class='ocr_line' id='line_1_15' title="bbox 404 2048 1578 2137; baseline 0.002 -26"><span class='ocrx_word' id='word_1_109' title='bbox 404 2048 543 2127; x_wconf 88' lang='lat' dir='ltr'>aestimo,</span> <span class='ocrx_word' id='word_1_110' title='bbox 554 2049 623 2114; x_wconf 91' lang='lat' dir='ltr'>duo</span> <span class='ocrx_word' id='word_1_111' title='bbox 637 2050 708 2115; x_wconf 88' lang='lat' dir='ltr'>haec</span> <span class='ocrx_word' id='word_1_112' title='bbox 725 2050 898 2116; x_wconf 83' lang='lat' dir='ltr'>manifeste</span> <span class='ocrx_word' id='word_1_113' title='bbox 913 2052 1036 2137; x_wconf 88' lang='lat' dir='ltr'>pariter</span> <span class='ocrx_word' id='word_1_114' title='bbox 1050 2053 1289 2133; x_wconf 81' lang='lat' dir='ltr'>comitantur⁵;</span> <span class='ocrx_word' id='word_1_115' title='bbox 1309 2049 1373 2115; x_wconf 91' lang='lat' dir='ltr'>hoc</span> <span class='ocrx_word' id='word_1_116' title='bbox 1387 2057 1449 2129; x_wconf 74' lang='lat' dir='ltr'>ast,</span> <span class='ocrx_word' id='word_1_117' title='bbox 1463 2048 1578 2134; x_wconf 79' lang='lat' dir='ltr'>gratia</span> 
     </span>
     <span class='ocr_line' id='line_1_16' title="bbox 404 2151 1578 2238; baseline 0.003 -22"><span class='ocrx_word' id='word_1_118' title='bbox 404 2151 668 2236; x_wconf 91' lang='lat' dir='ltr'>prophetationis</span> <span class='ocrx_word' id='word_1_119' title='bbox 682 2155 725 2218; x_wconf 90' lang='lat' dir='ltr'>de</span> <span class='ocrx_word' id='word_1_120' title='bbox 748 2155 843 2233; x_wconf 90' lang='lat' dir='ltr'>nube,</span> <span class='ocrx_word' id='word_1_121' title='bbox 859 2165 893 2220; x_wconf 90' lang='lat' dir='ltr'>et</span> <span class='ocrx_word' id='word_1_122' title='bbox 916 2156 1046 2220; x_wconf 90' lang='lat' dir='ltr'>virtutis</span> <span class='ocrx_word' id='word_1_123' title='bbox 1062 2156 1255 2221; x_wconf 88' lang='lat' dir='ltr'>miraculum</span> <span class='ocrx_word' id='word_1_124' title='bbox 1279 2154 1313 2219; x_wconf 94' lang='lat' dir='ltr'>in</span> <span class='ocrx_word' id='word_1_125' title='bbox 1336 2153 1578 2238; x_wconf 70' lang='lat' dir='ltr'>aegrotantium</span> 
     </span>
     <span class='ocr_line' id='line_1_17' title="bbox 404 2257 1579 2344; baseline 0.003 -25"><span class='ocrx_word' id='word_1_126' title='bbox 404 2257 554 2322; x_wconf 88' lang='lat' dir='ltr'>sanitate.</span> <span class='ocrx_word' id='word_1_127' title='bbox 601 2258 687 2322; x_wconf 84' lang='lat' dir='ltr'>Haec</span> <span class='ocrx_word' id='word_1_128' title='bbox 702 2280 761 2342; x_wconf 89' lang='lat' dir='ltr'>per</span> <span class='ocrx_word' id='word_1_129' title='bbox 774 2259 888 2324; x_wconf 92' lang='lat' dir='ltr'>omnia</span> <span class='ocrx_word' id='word_1_130' title='bbox 902 2279 975 2324; x_wconf 89' lang='lat' dir='ltr'>esse</span> <span class='ocrx_word' id='word_1_131' title='bbox 989 2261 1169 2339; x_wconf 88' lang='lat' dir='ltr'>verissima,</span> <span class='ocrx_word' id='word_1_132' title='bbox 1181 2259 1388 2344; x_wconf 88' lang='lat' dir='ltr'>supradictus</span> <span class='ocrx_word' id='word_1_133' title='bbox 1405 2257 1579 2337; x_wconf 82' lang='lat' dir='ltr'>Silnanus,</span> 
     </span>
     <span class='ocr_line' id='line_1_18' title="bbox 405 2358 1578 2449; baseline 0.003 -24"><span class='ocrx_word' id='word_1_134' title='bbox 405 2358 527 2425; x_wconf 91' lang='lat' dir='ltr'>Christi</span> <span class='ocrx_word' id='word_1_135' title='bbox 551 2362 654 2441; x_wconf 91' lang='lat' dir='ltr'>miles,</span> <span class='ocrx_word' id='word_1_136' title='bbox 671 2364 777 2428; x_wconf 89' lang='lat' dir='ltr'>sancti</span> <span class='ocrx_word' id='word_1_137' title='bbox 800 2363 929 2448; x_wconf 87' lang='lat' dir='ltr'>legatus</span> <span class='ocrx_word' id='word_1_138' title='bbox 952 2363 1134 2445; x_wconf 76' lang='lat' dir='ltr'>Columbae,</span> <span class='ocrx_word' id='word_1_139' title='bbox 1150 2384 1261 2430; x_wconf 90' lang='lat' dir='ltr'>coram</span> <span class='ocrx_word' id='word_1_140' title='bbox 1285 2363 1431 2449; x_wconf 82' lang='lat' dir='ltr'>Segiueo</span> <span class='ocrx_word' id='word_1_141' title='bbox 1448 2362 1578 2429; x_wconf 86' lang='lat' dir='ltr'>abbate</span> 
     </span>
     <span class='ocr_line' id='line_1_19' title="bbox 403 2465 1006 2535; baseline 0.013 -8"><span class='ocrx_word' id='word_1_142' title='bbox 403 2471 438 2527; x_wconf 90' lang='lat' dir='ltr'>et</span> <span class='ocrx_word' id='word_1_143' title='bbox 453 2465 580 2531; x_wconf 87' lang='lat' dir='ltr'>caeteris</span> <span class='ocrx_word' id='word_1_144' title='bbox 594 2475 735 2534; x_wconf 89' lang='lat' dir='ltr'>testatus</span> <span class='ocrx_word' id='word_1_145' title='bbox 750 2478 800 2534; x_wconf 89' lang='lat' dir='ltr'>est</span> <span class='ocrx_word' id='word_1_146' title='bbox 815 2468 1006 2535; x_wconf 83' lang='lat' dir='ltr'>senioribus</span> 
     </span>
    </p>
   </div>
   <div class='ocr_carea' id='block_1_4' title="bbox 845 2892 1137 2960">
    <p class='ocr_par' dir='ltr' id='par_1_4' title="bbox 845 2892 1137 2960">
     <span class='ocr_line' id='line_1_20' title="bbox 845 2892 1137 2960; baseline -0.003 0"><span class='ocrx_word' id='word_1_147' title='bbox 845 2892 1051 2960; x_wconf 90' lang='lat' dir='ltr'><strong>CAPUT</strong></span> <span class='ocrx_word' id='word_1_148' title='bbox 1088 2893 1137 2959; x_wconf 90' lang='lat' dir='ltr'>V.</span> 
     </span>
    </p>
   </div>
   <div class='ocr_carea' id='block_1_5' title="bbox 426 3095 1567 3288">
    <p class='ocr_par' dir='ltr' id='par_1_5' title="bbox 426 3095 1567 3288">
     <span class='ocr_line' id='line_1_21' title="bbox 426 3095 1567 3183; baseline 0.003 -21"><span class='ocrx_word' id='word_1_149' title='bbox 426 3097 478 3163; x_wconf 82' lang='lat' dir='ltr'>Dc</span> <span class='ocrx_word' id='word_1_150' title='bbox 492 3095 670 3181; x_wconf 74' lang='lat' dir='ltr'>Maugina¹</span> <span class='ocrx_word' id='word_1_151' title='bbox 693 3106 804 3161; x_wconf 86' lang='lat' dir='ltr'>sancta</span> <span class='ocrx_word' id='word_1_152' title='bbox 824 3097 952 3182; x_wconf 71' lang='lat' dir='ltr'>virga&#39;m</span> <span class='ocrx_word' id='word_1_153' title='bbox 966 3098 1126 3163; x_wconf 81' lang='lat' dir='ltr'>Dainuni</span> <span class='ocrx_word' id='word_1_154' title='bbox 1136 3098 1218 3183; x_wconf 84' lang='lat' dir='ltr'>filia</span> <span class='ocrx_word' id='word_1_155' title='bbox 1234 3118 1305 3182; x_wconf 80' lang='lat' dir='ltr'>quoe</span> <span class='ocrx_word' id='word_1_156' title='bbox 1318 3096 1567 3166; x_wconf 79' lang='lat' dir='ltr'>inhabitaverat</span> 
     </span>
     <span class='ocr_line' id='line_1_22' title="bbox 506 3201 1477 3288; baseline 0.004 -24"><span class='ocrx_word' id='word_1_157' title='bbox 506 3201 541 3265; x_wconf 84' lang='lat' dir='ltr'>in</span> <span class='ocrx_word' id='word_1_158' title='bbox 555 3201 618 3265; x_wconf 87' lang='lat' dir='ltr'>loco</span> <span class='ocrx_word' id='word_1_159' title='bbox 631 3201 691 3285; x_wconf 85' lang='lat' dir='ltr'>qui</span> <span class='ocrx_word' id='word_1_160' title='bbox 704 3202 733 3268; x_wconf 87' lang='lat' dir='ltr'><em>S</em></span> <span class='ocrx_word' id='word_1_161' title='bbox 733 3202 838 3266; x_wconf 85' lang='lat' dir='ltr'>cottice</span> <span class='ocrx_word' id='word_1_162' title='bbox 851 3203 974 3266; x_wconf 85' lang='lat' dir='ltr'>dicitur</span> <span class='ocrx_word' id='word_1_163' title='bbox 990 3202 1134 3269; x_wconf 72' lang='grc' dir='ltr'>ίἸοιΙιιινι</span> <span class='ocrx_word' id='word_1_164' title='bbox 1139 3203 1293 3288; x_wconf 83' lang='lat' dir='ltr'>filiorum</span> <span class='ocrx_word' id='word_1_165' title='bbox 1307 3201 1477 3268; x_wconf 71' lang='lat' dir='ltr'>Daimcni</span> 
     </span>
    </p>
   </div>
   <div class='ocr_carea' id='block_1_6' title="bbox 403 3389 1579 4307">
    <p class='ocr_par' dir='ltr' id='par_1_6' title="bbox 403 3389 1579 4307">
     <span class='ocr_line' id='line_1_23' title="bbox 405 3389 1579 3473; baseline 0.008 -21"><span class='ocrx_word' id='word_1_166' title='bbox 405 3389 504 3453; x_wconf 79' lang='lat' dir='ltr'>ALIO</span> <span class='ocrx_word' id='word_1_167' title='bbox 530 3389 737 3473; x_wconf 90' lang='lat' dir='ltr'>intempore</span> <span class='ocrx_word' id='word_1_168' title='bbox 764 3391 916 3471; x_wconf 90' lang='lat' dir='ltr'>Sanctus,</span> <span class='ocrx_word' id='word_1_169' title='bbox 941 3413 1016 3457; x_wconf 90' lang='lat' dir='ltr'>cum</span> <span class='ocrx_word' id='word_1_170' title='bbox 1042 3393 1075 3455; x_wconf 91' lang='lat' dir='ltr'>in</span> <span class='ocrx_word' id='word_1_171' title='bbox 1103 3393 1185 3457; x_wconf 92' lang='lat' dir='ltr'>lona</span> <span class='ocrx_word' id='word_1_172' title='bbox 1208 3394 1434 3458; x_wconf 88' lang='lat' dir='ltr'>demoraretur</span> <span class='ocrx_word' id='word_1_173' title='bbox 1458 3393 1579 3473; x_wconf 88' lang='lat' dir='ltr'>insula,</span> 
     </span>
     <span class='ocr_line' id='line_1_24' title="bbox 403 3494 1576 3581; baseline 0.008 -26"><span class='ocrx_word' id='word_1_174' title='bbox 403 3494 511 3575; x_wconf 88' lang='lat' dir='ltr'>prima</span> <span class='ocrx_word' id='word_1_175' title='bbox 521 3494 586 3556; x_wconf 90' lang='lat' dir='ltr'>diei</span> <span class='ocrx_word' id='word_1_176' title='bbox 599 3494 687 3571; x_wconf 87' lang='lat' dir='ltr'>hora,</span> <span class='ocrx_word' id='word_1_177' title='bbox 697 3497 863 3578; x_wconf 90' lang='lat' dir='ltr'>quendam</span> <span class='ocrx_word' id='word_1_178' title='bbox 877 3498 1043 3561; x_wconf 91' lang='lat' dir='ltr'>advocans</span> <span class='ocrx_word' id='word_1_179' title='bbox 1056 3497 1199 3575; x_wconf 82' lang='lat' dir='ltr'>fratrem,</span> <span class='ocrx_word' id='word_1_180' title='bbox 1211 3498 1411 3581; x_wconf 84' lang='lat' dir='ltr'>Lugaidum¹</span> <span class='ocrx_word' id='word_1_181' title='bbox 1428 3501 1576 3579; x_wconf 89' lang='lat' dir='ltr'>nomine,</span> 
     </span>
     <span class='ocr_line' id='line_1_25' title="bbox 403 3596 1577 3681; baseline 0.008 -22"><span class='ocrx_word' id='word_1_182' title='bbox 403 3596 497 3678; x_wconf 91' lang='lat' dir='ltr'>cujus</span> <span class='ocrx_word' id='word_1_183' title='bbox 512 3608 771 3678; x_wconf 85' lang='lat' dir='ltr'>cognomentum</span> <span class='ocrx_word' id='word_1_184' title='bbox 788 3599 920 3665; x_wconf 91' lang='lat' dir='ltr'>Scotice</span> <span class='ocrx_word' id='word_1_185' title='bbox 936 3599 1053 3664; x_wconf 91' lang='lat' dir='ltr'>Lathir</span> <span class='ocrx_word' id='word_1_186' title='bbox 1068 3601 1205 3681; x_wconf 91' lang='lat' dir='ltr'>dicitur;</span> <span class='ocrx_word' id='word_1_187' title='bbox 1221 3612 1254 3668; x_wconf 91' lang='lat' dir='ltr'>et</span> <span class='ocrx_word' id='word_1_188' title='bbox 1266 3601 1375 3666; x_wconf 89' lang='lat' dir='ltr'>taliter</span> <span class='ocrx_word' id='word_1_189' title='bbox 1389 3622 1467 3666; x_wconf 88' lang='lat' dir='ltr'>eum</span> <span class='ocrx_word' id='word_1_190' title='bbox 1483 3623 1577 3668; x_wconf 90' lang='lat' dir='ltr'>com·</span> 
     </span>
     <span class='ocr_line' id='line_1_26' title="bbox 403 3698 1577 3790; baseline 0.009 -29"><span class='ocrx_word' id='word_1_191' title='bbox 403 3698 516 3781; x_wconf 90' lang='lat' dir='ltr'>pellat,</span> <span class='ocrx_word' id='word_1_192' title='bbox 531 3700 664 3764; x_wconf 89' lang='lat' dir='ltr'>dicens:</span> <span class='ocrx_word' id='word_1_193' title='bbox 688 3702 841 3785; x_wconf 86' lang='lat' dir='ltr'>Praepara</span> <span class='ocrx_word' id='word_1_194' title='bbox 857 3703 923 3767; x_wconf 91' lang='lat' dir='ltr'>cito</span> <span class='ocrx_word' id='word_1_195' title='bbox 939 3704 981 3767; x_wconf 92' lang='lat' dir='ltr'>ad</span> <span class='ocrx_word' id='word_1_196' title='bbox 999 3704 1147 3770; x_wconf 89' lang='lat' dir='ltr'>Scotiam</span> <span class='ocrx_word' id='word_1_197' title='bbox 1160 3705 1300 3769; x_wconf 90' lang='lat' dir='ltr'>celerem</span> <span class='ocrx_word' id='word_1_198' title='bbox 1316 3706 1577 3790; x_wconf 84' lang='lat' dir='ltr'>navigationem,</span> 
     </span>
     <span class='ocr_line' id='line_1_27' title="bbox 404 3804 1575 3891; baseline 0.009 -25"><span class='ocrx_word' id='word_1_199' title='bbox 404 3823 482 3867; x_wconf 91' lang='lat' dir='ltr'>nam</span> <span class='ocrx_word' id='word_1_200' title='bbox 507 3804 586 3867; x_wconf 92' lang='lat' dir='ltr'>mihi</span> <span class='ocrx_word' id='word_1_201' title='bbox 610 3804 707 3868; x_wconf 90' lang='lat' dir='ltr'>valde</span> <span class='ocrx_word' id='word_1_202' title='bbox 729 3815 780 3870; x_wconf 90' lang='lat' dir='ltr'>est</span> <span class='ocrx_word' id='word_1_203' title='bbox 803 3826 937 3870; x_wconf 88' lang='lat' dir='ltr'>necesse</span> <span class='ocrx_word' id='word_1_204' title='bbox 960 3817 993 3871; x_wconf 91' lang='lat' dir='ltr'>te</span> <span class='ocrx_word' id='word_1_205' title='bbox 1015 3828 1119 3891; x_wconf 90' lang='lat' dir='ltr'>usque</span> <span class='ocrx_word' id='word_1_206' title='bbox 1142 3809 1184 3872; x_wconf 90' lang='lat' dir='ltr'>ad</span> <span class='ocrx_word' id='word_1_207' title='bbox 1209 3808 1406 3874; x_wconf 90' lang='lat' dir='ltr'>Clocherum</span> <span class='ocrx_word' id='word_1_208' title='bbox 1430 3808 1575 3876; x_wconf 88' lang='lat' dir='ltr'>liliorum</span> 
     </span>
     <span class='ocr_line' id='line_1_28' title="bbox 405 3908 1575 3996; baseline 0.009 -24"><span class='ocrx_word' id='word_1_209' title='bbox 405 3908 561 3972; x_wconf 90' lang='lat' dir='ltr'>Daimeni</span> <span class='ocrx_word' id='word_1_210' title='bbox 577 3909 743 3973; x_wconf 88' lang='lat' dir='ltr'>destinare</span> <span class='ocrx_word' id='word_1_211' title='bbox 756 3909 911 3994; x_wconf 86' lang='lat' dir='ltr'>legatum.</span> <span class='ocrx_word' id='word_1_212' title='bbox 959 3911 997 3974; x_wconf 91' lang='lat' dir='ltr'>ln</span> <span class='ocrx_word' id='word_1_213' title='bbox 1014 3911 1075 3976; x_wconf 91' lang='lat' dir='ltr'>hac</span> <span class='ocrx_word' id='word_1_214' title='bbox 1091 3914 1179 3976; x_wconf 90' lang='lat' dir='ltr'>enim</span> <span class='ocrx_word' id='word_1_215' title='bbox 1192 3914 1360 3996; x_wconf 84' lang='lat' dir='ltr'>praeterita</span> <span class='ocrx_word' id='word_1_216' title='bbox 1376 3922 1483 3993; x_wconf 89' lang='lat' dir='ltr'>nocte,</span> <span class='ocrx_word' id='word_1_217' title='bbox 1494 3936 1575 3982; x_wconf 88' lang='lat' dir='ltr'>casu</span> 
     </span>
     <span class='ocr_line' id='line_1_29' title="bbox 403 4013 1576 4104; baseline 0.009 -28"><span class='ocrx_word' id='word_1_218' title='bbox 403 4013 523 4097; x_wconf 90' lang='lat' dir='ltr'>aliquo,</span> <span class='ocrx_word' id='word_1_219' title='bbox 540 4013 721 4098; x_wconf 83' lang='lat' dir='ltr'>Maugina,¹</span> <span class='ocrx_word' id='word_1_220' title='bbox 745 4025 859 4079; x_wconf 90' lang='lat' dir='ltr'>sancta</span> <span class='ocrx_word' id='word_1_221' title='bbox 879 4016 980 4101; x_wconf 87' lang='lat' dir='ltr'>virgo,</span> <span class='ocrx_word' id='word_1_222' title='bbox 997 4017 1064 4081; x_wconf 87' lang='lat' dir='ltr'>lilia</span> <span class='ocrx_word' id='word_1_223' title='bbox 1087 4018 1253 4097; x_wconf 89' lang='lat' dir='ltr'>Daimeni,</span> <span class='ocrx_word' id='word_1_224' title='bbox 1268 4019 1312 4084; x_wconf 91' lang='lat' dir='ltr'>ab</span> <span class='ocrx_word' id='word_1_225' title='bbox 1333 4019 1477 4084; x_wconf 89' lang='lat' dir='ltr'>oratorio</span> <span class='ocrx_word' id='word_1_226' title='bbox 1495 4030 1576 4104; x_wconf 86' lang='lat' dir='ltr'>post</span> 
     </span>
     <span class='ocr_line' id='line_1_30' title="bbox 404 4117 1575 4205; baseline 0.009 -27"><span class='ocrx_word' id='word_1_227' title='bbox 404 4117 539 4179; x_wconf 89' lang='lat' dir='ltr'>missam</span> <span class='ocrx_word' id='word_1_228' title='bbox 562 4119 699 4182; x_wconf 89' lang='lat' dir='ltr'>domum</span> <span class='ocrx_word' id='word_1_229' title='bbox 724 4138 860 4196; x_wconf 89' lang='lat' dir='ltr'>reversa,</span> <span class='ocrx_word' id='word_1_230' title='bbox 876 4121 1040 4199; x_wconf 90' lang='lat' dir='ltr'>titubavit,</span> <span class='ocrx_word' id='word_1_231' title='bbox 1061 4142 1214 4204; x_wconf 87' lang='lat' dir='ltr'>coxaque</span> <span class='ocrx_word' id='word_1_232' title='bbox 1237 4123 1309 4205; x_wconf 90' lang='lat' dir='ltr'>ejus</span> <span class='ocrx_word' id='word_1_233' title='bbox 1332 4123 1471 4187; x_wconf 91' lang='lat' dir='ltr'>induas</span> <span class='ocrx_word' id='word_1_234' title='bbox 1494 4144 1575 4189; x_wconf 93' lang='lat' dir='ltr'>con·</span> 
     </span>
     <span class='ocr_line' id='line_1_31' title="bbox 403 4219 1575 4307; baseline 0.01 -25"><span class='ocrx_word' id='word_1_235' title='bbox 403 4219 507 4285; x_wconf 83' lang='lat' dir='ltr'>fracta</span> <span class='ocrx_word' id='word_1_236' title='bbox 522 4231 572 4285; x_wconf 90' lang='lat' dir='ltr'>est</span> <span class='ocrx_word' id='word_1_237' title='bbox 587 4232 705 4304; x_wconf 89' lang='lat' dir='ltr'>partes.</span> <span class='ocrx_word' id='word_1_238' title='bbox 738 4222 822 4286; x_wconf 87' lang='lat' dir='ltr'>Haec</span> <span class='ocrx_word' id='word_1_239' title='bbox 839 4225 960 4307; x_wconf 85' lang='lat' dir='ltr'>saepius</span> <span class='ocrx_word' id='word_1_240' title='bbox 977 4246 1099 4303; x_wconf 89' lang='lat' dir='ltr'>meum,</span> <span class='ocrx_word' id='word_1_241' title='bbox 1110 4227 1329 4305; x_wconf 89' lang='lat' dir='ltr'>inclamitans,</span> <span class='ocrx_word' id='word_1_242' title='bbox 1342 4247 1465 4292; x_wconf 88' lang='lat' dir='ltr'>nomen</span> <span class='ocrx_word' id='word_1_243' title='bbox 1481 4249 1575 4294; x_wconf 92' lang='lat' dir='ltr'>corn-</span> 
     </span>
    </p>
   </div>
   <div class='ocr_carea' id='block_1_7' title="bbox 435 4497 925 4647">
    <p class='ocr_par' dir='ltr' id='par_1_7' title="bbox 435 4497 925 4647">
     <span class='ocr_line' id='line_1_32' title="bbox 435 4497 842 4562; baseline 0.012 -16"><span class='ocrx_word' id='word_1_244' title='bbox 435 4508 447 4546; x_wconf 88' lang='lat' dir='ltr'>s</span> <span class='ocrx_word' id='word_1_245' title='bbox 461 4497 613 4562; x_wconf 65' lang='lat' dir='ltr'>pestilencia</span> <span class='ocrx_word' id='word_1_246' title='bbox 627 4499 797 4560; x_wconf 83' lang='lat' dir='ltr'>comittuntur,</span> <span class='ocrx_word' id='word_1_247' title='bbox 813 4501 842 4552; x_wconf 89' lang='lat' dir='ltr'>B.</span> 
     </span>
     <span class='ocr_line' id='line_1_33' title="bbox 436 4580 925 4647; baseline 0.012 -18"><span class='ocrx_word' id='word_1_248' title='bbox 436 4591 445 4618; x_wconf 91' lang='lat'>¹</span> <span class='ocrx_word' id='word_1_249' title='bbox 460 4580 601 4643; x_wconf 76' lang='lat' dir='ltr'>mauguina,</span> <span class='ocrx_word' id='word_1_250' title='bbox 615 4581 721 4643; x_wconf 87' lang='lat' dir='ltr'>clocber,</span> <span class='ocrx_word' id='word_1_251' title='bbox 736 4583 881 4647; x_wconf 76' lang='lat' dir='ltr'>lugaidium,</span> <span class='ocrx_word' id='word_1_252' title='bbox 896 4585 925 4635; x_wconf 88' lang='lat' dir='ltr'>B.</span> 
     </span>
    </p>
   </div>
   <div class='ocr_carea' id='block_1_8' title="bbox 0 0 1618 5520">
    <p class='ocr_par' dir='ltr' id='par_1_8' title="bbox 0 0 1618 5520">
     <span class='ocr_line' id='line_1_34' title="bbox 0 0 1618 5520; baseline 0 0"><span class='ocrx_word' id='word_1_253' title='bbox 0 0 1618 5520; x_wconf 95' lang='lat' dir='ltr'> </span> 
     </span>
    </p>
   </div>
  </div>
 </body>
</html>
