3226 5520
289 481 350 566 164
581 478 728 548 vrrn
768 477 1072 547 11.-1.113ER
1112 478 1168 546 11.

282 694 340 772 ait,
355 701 468 758 sancte
484 691 659 768 Columba,
675 700 712 756 ut
727 691 761 754 hi
778 700 897 771 nautae,
913 691 970 774 qui
993 710 1048 755 me
1062 699 1158 756 tuum
1173 708 1241 753 non
1264 686 1458 770 suscipiunt

283 798 419 876 socium,
434 796 540 882 plenis
555 796 636 862 velis
651 804 686 861 et
701 796 853 862 secundis
869 795 1048 880 enavigent
1061 795 1196 859 ventis?
1237 792 1277 857 In
1292 791 1357 857 bac
1371 809 1458 855 voce

283 910 411 979 ventus,
437 901 598 985 quiante
625 900 784 966 illiserat
815 903 989 979 secundus,
1012 900 1104 965 dicto
1133 899 1230 964 citius
1258 916 1374 963 versus
1403 903 1460 960 est

283 1005 473 1070 contrarius.
521 1004 613 1068 Inter
627 1003 699 1068 haec
720 1004 871 1068 videntes
886 1006 992 1068 virum
1016 1004 1159 1068 eundem
1174 1022 1194 1066 e
1208 1002 1343 1085 regione
1359 1019 1459 1064 secus

284 1107 426 1173 flumen⁶
439 1109 663 1187 cursitantem,
678 1108 789 1173 subito
808 1109 893 1173 inter
915 1128 951 1172 se
966 1108 1049 1173 inito
1064 1106 1211 1185 consilio,
1225 1106 1269 1171 ad
1284 1105 1397 1189 ipsum
1413 1105 1459 1169 de

284 1215 360 1278 navi
387 1213 631 1278 inclamitantes
657 1213 773 1277 dicunt
796 1212 940 1279 nautici:
964 1212 1129 1276 Fortassis
1151 1209 1274 1275 idcirco
1295 1207 1395 1274 citius
1421 1208 1458 1272 in

284 1317 485 1383 contrarium
526 1318 621 1382 nobis
660 1337 837 1382 conversus
874 1327 925 1381 est
954 1325 1081 1394 ventus,
1110 1315 1189 1400 quia
1224 1323 1259 1380 te
1288 1312 1459 1396 suscipere

285 1421 497 1486 renuerimus.
543 1419 643 1505 Quod
666 1423 693 1485 si
713 1421 815 1486 etiarn
841 1440 929 1486 nunc
944 1430 978 1485 te
1002 1420 1044 1484 ad
1069 1439 1129 1484 nos
1152 1419 1186 1493 in
1208 1416 1320 1482 navim
1335 1416 1458 1481 invita-

284 1525 437 1604 verimus,
451 1525 633 1591 contrarios
658 1545 745 1591 nunc
772 1524 868 1590 nobis
894 1524 992 1589 flatus
1019 1524 1052 1588 in
1077 1522 1241 1589 secundos
1263 1529 1458 1586 convertere

284 1630 434 1713 poteris?
480 1629 546 1694 His
567 1630 699 1709 auditis,
713 1630 823 1694 viator
844 1628 887 1693 ad
905 1649 963 1693 eos
984 1628 1094 1693 dixit:
1119 1626 1261 1694 Sanctus
1279 1623 1460 1702 Columba,

284 1735 327 1799 ad
342 1754 442 1818 quem
458 1734 597 1814 vado,et
612 1735 664 1799 cui
679 1735 744 1799 huc
760 1754 864 1817 usque
880 1754 939 1818 per
953 1743 1082 1817 septem
1097 1752 1204 1797 annos
1219 1729 1457 1808 obsecundavi,

285 1836 312 1900 si
338 1857 391 1900 me
415 1837 632 1921 susceperitis,
655 1857 850 1920 prosperum
881 1838 977 1901 vobis
1001 1845 1138 1902 ventum
1165 1855 1186 1900 a
1210 1831 1360 1898 Domino
1385 1851 1459 1911 suo,

284 1939 405 2005 virtute
431 1941 630 2019 orationum,
646 1941 822 2023 impetrare
850 1940 979 2023 poterit
1030 1938 1163 2023 Quibus
1188 1936 1319 2015 auditis,
1343 1934 1458 1999 navim

286 2054 381 2109 terrae
405 2045 652 2130 approximant,
675 2045 851 2129 ipsumque
877 2046 918 2108 ad
946 2044 1061 2109 cosin
1088 2062 1164 2108 eam
1190 2040 1340 2114 invitant.
1386 2036 1458 2123 Qui

286 2149 408 2227 statim,
424 2158 494 2214 rate
510 2168 662 2213 ascensa:
690 2148 729 2212 In
755 2148 889 2212 nomine
906 2147 1167 2232 Omnipotentis,
1182 2145 1238 2223 ait,
1252 2144 1306 2210 cui
1320 2152 1459 2209 sanctus

286 2251 453 2319 Columba
476 2252 718 2336 inculpabiliter
743 2253 852 2330 servit,
868 2252 970 2316 tensis
994 2251 1188 2318 rudentibus
1211 2249 1318 2314 levate
1334 2246 1458 2313 velum

287 2354 365 2439 Quo
392 2355 489 2434 lact0,
510 2357 668 2421 continuo
691 2357 856 2420 contraria
879 2357 969 2420 venti
996 2355 1132 2421 flamina
1154 2355 1188 2418 in
1214 2353 1361 2434 secunda
1386 2372 1458 2417 ver-

286 2470 408 2539 tuntur,
438 2481 661 2545 prosperaque
698 2481 803 2544 usque
833 2462 875 2525 ad
907 2460 1130 2526 Brittanniam
1160 2458 1266 2544 plenis
1298 2457 1460 2522 successit

287 2564 455 2646 navigatio
482 2565 570 2629 velis.
617 2565 858 2648 Libranusque,
884 2575 1062 2649 postquam
1089 2566 1132 2630 ad
1160 2564 1234 2628 loca
1259 2570 1458 2646 perventum

286 2678 337 2731 est
353 2669 567 2747 Brittannica,
582 2669 673 2733 illam
693 2670 850 2733 deserens
866 2671 986 2748 navim,
1002 2679 1035 2734 et
1059 2669 1168 2734 nautis
1190 2667 1399 2745 benedicens,
1413 2668 1458 2732 ad

287 2781 439 2835 sanctum
455 2772 589 2836 devenit
604 2771 804 2837 Columbam
821 2774 854 2836 in
872 2774 955 2837 Iona
973 2783 1238 2838 commorantem
1253 2771 1369 2837 insula

329 2876 396 2961 Qui
418 2876 572 2940 videlicet
594 2877 643 2940 vir
665 2877 791 2953 beatus,
814 2879 998 2961 gaudenter
1025 2877 1207 2960 suspiciens
1231 2895 1319 2954 eum,
1339 2875 1458 2941 omnia

286 3000 362 3064 quae
388 2980 431 3044 de
457 3000 497 3045 co
524 2982 557 3044 in
584 2981 701 3045 itinere
728 2990 803 3046 acta
828 2991 914 3058 sunt,
939 2981 1031 3046 nullo
1058 2980 1125 3046 alio
1150 2981 1335 3058 intimante,
1359 2979 1460 3062 plene

288 3086 439 3161 narravit,
452 3094 486 3149 et
500 3086 543 3148 de
558 3086 704 3163 domino,
720 3095 753 3150 et
769 3087 885 3149 uxoris
899 3086 971 3169 ejus
986 3086 1109 3150 salubri
1125 3084 1272 3162 consilio,
1286 3085 1460 3167 quomodo

287 3189 435 3272 ejusdem
457 3209 555 3252 suasu
578 3188 735 3252 llberatus
758 3199 829 3268 est;
856 3192 898 3254 de
921 3191 1076 3255 fratribus
1098 3210 1252 3273 quoque;
1282 3189 1325 3252 de
1349 3198 1459 3252 morte

287 3294 398 3376 patris,
422 3303 456 3356 et
480 3293 560 3374 ejuS,
588 3292 680 3356 finita
703 3295 899 3376 septimana,
921 3295 1129 3377 sepultione;
1151 3296 1194 3358 de
1220 3302 1334 3370 matre,
1357 3303 1392 3357 et
1415 3294 1461 3357 de

287 3396 395 3461 fratris
410 3406 599 3479 opportuna
618 3397 757 3478 junioris
780 3398 1019 3476 subventione;
1042 3399 1085 3461 de
1100 3398 1152 3461 his
1167 3417 1241 3480 quae
1257 3397 1290 3460 in
1307 3415 1461 3479 regressu

286 3510 361 3565 acta
376 3509 475 3579 sunt;
497 3501 539 3563 de
551 3511 652 3564 vento
668 3503 840 3581 contrario,
853 3512 886 3565 et
902 3504 1069 3580 secund0;
1091 3504 1134 3566 de
1148 3501 1256 3566 verbis
1272 3509 1461 3578 nautarum,

287 3605 343 3686 qui
372 3604 479 3685 primo
503 3624 579 3667 eum
600 3605 765 3687 suscipere
786 3616 986 3682 recusarunt,
1002 3607 1045 3669 de
1068 3606 1287 3689 promissione
1308 3606 1461 3687 prosperi

287 3707 407 3784 flatus3
430 3708 521 3771 etde
544 3729 709 3791 prospera,
724 3729 765 3772 eo
788 3720 942 3794 suscepto
965 3711 998 3773 in
1023 3711 1107 3788 navi,
1123 3710 1214 3775 venti
1234 3709 1460 3774 conversione.

288 3811 378 3896 Quid
402 3810 522 3894 plura?
567 3812 798 3896 Omniaque:
826 3816 969 3880 Sanctus
1000 3815 1216 3898 adimplenda
1238 3812 1464 3897 prophetavit,

286 3916 423 3999 expleta
438 3918 608 3980 enarravit.

332 4022 411 4085 Post
434 4021 505 4085 haec
528 4023 629 4085 verba
650 4023 757 4086 viator
782 4024 924 4106 pretium
947 4044 1016 4087 suae
1039 4025 1129 4107 quod
1145 4043 1166 4088 a
1181 4021 1307 4088 Sancto
1329 4022 1465 4105 accepit

288 4125 524 4208 redemptionis
540 4126 728 4207 assignavit.
775 4126 837 4190 Cui
861 4126 1005 4191 Sanctus
1028 4128 1146 4192 eadem
1161 4126 1243 4191 hora
1257 4125 1463 4191 vocabulum

288 4228 416 4304 indidit,
436 4228 608 4309 inquiens:
643 4228 696 4292 Tu
724 4230 888 4294 Libranus
915 4232 1085 4296 vocaberis
1114 4231 1270 4314 eoquod
1297 4229 1342 4292 sis
1368 4229 1463 4297 liber.

288 4332 356 4416 Qui
379 4332 533 4396 videlicet
557 4332 722 4397 Libranus
745 4334 861 4399 iisdem
884 4336 917 4399 in
941 4337 1059 4401 diebus
1082 4345 1197 4401 votum
1226 4333 1463 4401 monachicum

610 4585 623 4626 ⁶
635 4585 691 4637 The
703 4586 782 4652 Foyle
793 4601 827 4638 on
839 4587 921 4639 which
933 4587 1015 4653 Derry
1026 4588 1047 4639 is
1058 4587 1130 4638 built.
