3226 5520
222 471 283 538 106
524 470 672 537 VITA
711 472 1014 538 II.-LIBER
1053 473 1081 539 1.

216 678 317 743 verba
331 678 441 742 senior
464 681 667 764 respondens
690 679 790 746 irater
804 682 873 747 ait:
898 682 975 746 Hoc
990 681 1024 746 in
1041 689 1154 746 mente
1174 680 1391 765 propositum

216 781 293 848 licet
308 782 341 847 in
357 783 443 848 hanc
458 783 573 849 horam
589 805 695 868 usque
710 785 899 851 nullatenus
921 786 1144 865 habuerimus,
1158 796 1272 851 tamen
1287 793 1391 852 tuum

215 906 393 969 sequemur
413 888 596 966 consilium,
611 889 778 968 divinitus,
794 900 831 955 ut
853 891 1027 969 credimus,
1042 891 1247 974 inspiratum.
1292 888 1392 974 Quid

216 990 333 1073 plura?
372 992 501 1057 Eodem
516 993 608 1057 horae
624 1004 796 1058 momento
810 996 989 1060 oratorium
1003 1014 1079 1059 cum
1097 994 1222 1061 Sancto
1237 994 1393 1078 ingressi,

215 1094 344 1174 devote,
369 1096 467 1160 flexis
491 1097 639 1180 genibus,
660 1108 776 1163 votum
805 1100 991 1164 monachile
1012 1107 1184 1164 voverunt.
1240 1098 1393 1164 Sanctus

215 1209 286 1263 tum
310 1200 439 1277 deinde,
454 1201 497 1265 ad
519 1199 636 1266 iratres
650 1223 837 1280 conversus,
852 1204 921 1267 ait:
946 1202 992 1267 Hi
1008 1203 1077 1267 duo
1101 1200 1259 1285 proselyti
1273 1202 1391 1266 vivam

215 1302 292 1366 Deo
306 1303 431 1387 seipsos
454 1304 652 1370 exhibentes
670 1306 825 1384 hostiam,
840 1306 1007 1390 longaque
1022 1307 1056 1369 in
1080 1305 1172 1370 brevi
1187 1304 1392 1371 Christianae

215 1415 368 1489 tempora
380 1407 507 1472 militiae
519 1410 733 1493 complentes,
743 1412 806 1474 hoc
817 1431 898 1475 mox
909 1414 1027 1475 eodem
1038 1430 1153 1474 mense
1161 1410 1204 1474 ad
1215 1408 1390 1476 Christum

216 1510 401 1575 Dominum
417 1512 450 1576 in
471 1533 553 1596 pace
574 1515 770 1578 transibunt
827 1513 958 1598 Quibus
985 1513 1108 1578 auditis
1133 1512 1235 1577 ambo
1260 1511 1391 1592 iratres,

216 1615 340 1697 gratias
356 1615 431 1680 Deo
447 1627 593 1700 agentes,
607 1618 651 1683 ad
666 1618 849 1700 hospitium
866 1618 1000 1682 deducti
1016 1628 1094 1682 sunt
1109 1639 1118 1696 ;
1140 1616 1391 1700 interjectisque

216 1717 333 1783 diebus
357 1729 495 1804 septem,
510 1723 620 1786 senior
641 1721 742 1788 irater
756 1724 858 1805 coepit
874 1721 1040 1801 infirmari,
1055 1731 1097 1800 et,
1112 1722 1230 1786 eadem
1251 1730 1391 1805 peracta

216 1822 412 1904 septimana,
434 1825 477 1889 ad
505 1825 689 1889 Dominum
716 1827 899 1908 emigravit
960 1826 1120 1892 Similiter
1142 1836 1177 1890 et
1200 1825 1284 1889 alter
1308 1836 1391 1909 post

216 1936 344 2009 septem
369 1928 452 1992 alios
474 1929 544 1993 dies
567 1928 761 2007 infirmatus,
783 1929 931 2012 ejusdem
948 1928 981 1993 in
1006 1928 1071 1994 line
1092 1928 1320 2008 hebdomadis,
1341 1930 1389 1995 ad

218 2030 401 2096 Dominum
425 2031 563 2097 feliciter
577 2033 702 2098 transit
749 2033 794 2097 Et
810 2034 856 2096 sic
877 2034 1058 2099 secundum
1075 2032 1191 2099 Sancti
1206 2032 1389 2098 veridicam

216 2134 436 2218 prophetiam,
450 2137 537 2202 intra
552 2136 702 2221 ejusdem
722 2138 845 2201 mensis
860 2138 1047 2218 terminum,
1062 2136 1166 2202 ambo
1186 2146 1389 2220 praesentem

218 2237 337 2304 finiunt
352 2241 464 2306 vitam.

565 2689 768 2757 CAPUT
807 2689 1039 2755 XXXIII.

368 2882 421 2947 De
434 2881 573 2966 quodam
587 2881 619 2946 A
624 2880 820 2946 rtbranano¹
836 2880 954 2946 Sancti
965 2878 1136 2964 prophetia
1160 2879 1241 2945 Viri

219 3072 306 3137 CUM
333 3092 391 3155 per
416 3071 544 3154 aliquot
566 3072 637 3135 dies
652 3071 685 3134 in
709 3069 817 3133 insula
843 3070 1069 3133 demoraretur
1092 3068 1170 3135 Scia
1190 3068 1240 3132 vir
1261 3067 1392 3145 beatus,

218 3175 357 3258 alicujus
369 3176 432 3239 loci
443 3177 598 3240 terrulam
614 3176 696 3239 mari
707 3175 848 3238 vicinam
862 3175 980 3238 baculo
992 3174 1187 3256 percutiens,
1196 3174 1238 3236 ad
1249 3172 1391 3237 comites

219 3280 266 3343 sic
281 3282 349 3344 ait:
374 3280 497 3344 Mirum
513 3282 614 3358 dictu,
630 3279 661 3345 O
678 3278 769 3343 filioli
784 3279 791 3342 l
816 3279 915 3342 hodie
931 3278 963 3340 in
980 3279 1041 3341 hac
1066 3277 1165 3360 hujus
1188 3277 1251 3340 loci
1267 3276 1391 3341 terrula

219 3385 355 3466 quidam
380 3385 513 3468 gentilis
540 3405 653 3463 senex,
676 3383 825 3448 naturale
848 3404 907 3466 per
929 3392 1034 3447 totam
1056 3383 1182 3445 bonum
1198 3381 1391 3445 custodiens

219 3489 332 3565 vitam,
347 3497 381 3550 et
396 3488 626 3571 baptizabitur,
642 3497 675 3550 et
692 3487 858 3564 morietur,
870 3496 904 3549 et
919 3485 1102 3569 sepelietur.
1134 3486 1180 3549 Et
1194 3505 1279 3564 ecce,
1293 3485 1391 3567 quasi

220 3602 296 3675 post
322 3591 420 3654 unius
443 3591 652 3656 intervallum
678 3591 777 3667 horae,
799 3590 950 3654 navicula
965 3590 1007 3654 ad
1031 3591 1173 3654 eundem
1200 3589 1393 3674 supervenit

220 3705 353 3778 portum
367 3716 375 3773 ;
397 3693 492 3776 cujus
507 3695 540 3758 in
557 3714 654 3778 prora
669 3695 806 3776 quidam
830 3694 988 3757 advectus
1002 3703 1054 3756 est
1073 3693 1260 3776 decrepitus
1275 3712 1391 3770 senex,

220 3798 395 3882 primarius
418 3797 544 3863 Geonae
565 3799 731 3876 cohortis,²
744 3818 845 3880 quem
868 3796 937 3861 bini
959 3797 1106 3880 juvenes,
1122 3798 1164 3862 de
1182 3798 1258 3861 navi
1280 3796 1392 3862 suble-

254 4087 264 4114 r
279 4072 303 4120 A
314 4069 403 4122 Gaelic
414 4085 442 4120 as
454 4069 510 4120 well
523 4085 550 4118 as
561 4085 576 4118 a
588 4067 682 4119 Pictish
693 4084 774 4130 name,
789 4069 923 4135 signilying
941 4069 1025 4120 Noble
1038 4068 1134 4130 Raveu,
1149 4068 1239 4134 Hardy
1252 4068 1348 4130 Ram,
1361 4084 1392 4120 or

222 4154 295 4204 Rocir
308 4153 404 4204 Raveu.

254 4252 265 4278 2
280 4237 347 4286 Cott.
384 4236 479 4286 Geonae
496 4234 627 4299 primarius
638 4234 761 4294 cohortes,
776 4235 879 4284 Reeves.
915 4236 1011 4285 Geonae
1022 4233 1109 4284 insulae
1122 4234 1255 4284 Primarius
1265 4233 1390 4294 cohortes,

220 4319 276 4370 Col.
291 4319 341 4368 and
354 4318 418 4368 Boll.
454 4317 537 4367 There
549 4317 569 4366 is
581 4333 614 4366 no
625 4316 751 4380 authority
763 4317 800 4365 ior
812 4317 854 4367 the
866 4317 985 4367 insertion
1000 4317 1031 4366 oi
1047 4316 1186 4366 “insulso''
1220 4317 1297 4366 What
1308 4316 1392 4366 island

219 4417 248 4451 or
264 4401 336 4466 place
352 4400 374 4450 is
390 4407 474 4449 meunt
491 4400 537 4448 has
553 4407 597 4448 not
614 4399 678 4448 been
695 4399 769 4448 made
786 4408 837 4449 out
877 4401 894 4426 ‘⁴
902 4400 957 4449 The
974 4400 1064 4450 Geonr
1075 4399 1166 4450 cohors
1177 4414 1229 4449 was
1241 4398 1365 4465 probsbly
1375 4415 1393 4450 ι

219 4484 313 4533 Pictish
325 4500 406 4548 corps,
420 4482 534 4546 derising
545 4481 578 4531 its
589 4497 663 4531 name
674 4481 737 4530 irom
749 4481 792 4531 the
803 4482 900 4532 district
918 4491 944 4533 to
961 4481 1042 4532 which
1061 4482 1081 4533 it
1097 4481 1249 4547 belonged.''
1284 4483 1392 4532 Reeres’

219 4569 341 4626 Adamn„
355 4582 379 4630 p.
393 4566 436 4614 62.
