3226 5520
603 485 913 553 COLUMBAE.
1275 503 1335 554 201

173 693 235 760 bus
252 694 361 771 finitis,
373 702 411 758 ut
425 699 496 757 erat
511 693 544 758 in
556 691 709 758 vehiculo
720 692 849 769 sedens,
860 693 902 758 ad
918 693 1079 758 orientem
1095 712 1189 758 suam
1205 713 1339 759 conver·

172 808 246 865 tens
262 799 390 878 faciem,
406 797 548 863 insulam
563 818 639 863 cum
656 798 815 861 insulanis
830 797 1003 862 benedixit
1018 798 1275 878 habitatoribus3
1295 819 1339 864 cx

172 924 239 988 qua
254 905 317 981 die,
332 913 370 968 ut
386 905 418 968 in
435 924 534 987 supra
550 913 735 967 memorato
746 912 939 965 caraxatum
957 911 1008 967 est
1023 902 1142 979 libello,
1153 904 1339 986 viperarum

172 1029 301 1072 venena
316 1008 523 1072 trisulcarum
540 1007 727 1089 linguarum
742 1025 847 1088 usque
869 1006 902 1069 in
923 1005 1118 1070 hodiernum
1135 1008 1233 1086 diem,
1249 1009 1341 1072 nullo

173 1113 274 1176 modo
297 1120 355 1175 aut
378 1111 504 1175 homini
530 1121 587 1176 aut
614 1110 723 1194 pecori
749 1129 867 1174 nocere
893 1118 1037 1193 potuere.
1084 1111 1164 1176 Post
1189 1112 1338 1195 ejusdem

172 1215 414 1280 benedictionis
428 1216 529 1280 verba
545 1214 688 1281 Sanctus
703 1214 746 1278 ad
762 1234 859 1278 suum
875 1215 1040 1278 revehitur
1055 1218 1301 1281 monasterium.

216 1320 313 1384 Tunc
344 1320 491 1403 proinde,
529 1319 643 1403 paucis
679 1319 797 1383 diebus
834 1320 1018 1396 transactis,
1053 1320 1134 1385 dum
1166 1323 1339 1386 missarum

172 1424 343 1501 solemnia,
358 1444 403 1488 ex
419 1443 519 1500 more,
540 1423 718 1487 Dominica
740 1423 984 1489 celebrarentur
999 1424 1062 1500 die,
1077 1425 1196 1504 subito,
1211 1447 1339 1491 sursum

172 1528 310 1593 elevatis
336 1529 448 1606 oculis,
476 1528 575 1592 sacies
599 1528 796 1592 venerabilis
819 1529 878 1592 viri
905 1529 1023 1592 florido
1049 1549 1197 1613 respersa
1222 1531 1341 1596 rubore

172 1635 323 1697 videtur:
344 1633 431 1715 quia,
447 1633 532 1697 sicut
554 1632 714 1715 scriptum
737 1643 807 1697 est:
830 1632 939 1697 Corde
962 1632 1097 1698 laetante
1112 1635 1222 1699 vultus
1238 1635 1339 1702 floret

173 1737 303 1801 Eadem
320 1757 464 1819 namque
480 1737 561 1800 hora
583 1738 739 1817 angelum
764 1737 901 1801 Domini
925 1758 1025 1821 supra
1040 1738 1234 1803 volitantem
1251 1741 1341 1804 solus

171 1843 257 1906 vidit
272 1843 358 1906 intra
374 1842 477 1925 ipsius
499 1841 632 1905 oratorii
656 1841 818 1924 parietes:
845 1852 879 1906 et
901 1842 980 1924 quia
1002 1853 1190 1908 sanctorum
1206 1844 1341 1928 angelo·

172 1965 245 2009 rum
262 1945 414 2009 amabilis
429 1954 464 2008 et
478 1944 675 2025 tranquillus
698 1955 851 2027 aspectus
873 1947 1032 2029 gaudium
1049 1956 1083 2011 et
1097 1948 1340 2012 exultationem

172 2050 352 2115 electorum
370 2049 558 2132 pectoribus
574 2047 727 2126 infundit,
742 2048 814 2112 haec
831 2048 892 2114 luit
907 2051 994 2115 illius
1010 2050 1128 2115 subitae
1143 2072 1243 2116 causa
1259 2053 1340 2119 laeti·

172 2154 228 2217 tiae
244 2153 344 2217 beato
359 2151 467 2216 infusa
481 2152 558 2216 viro.
605 2151 659 2215 De
679 2172 746 2234 qua
767 2152 892 2219 scilicet
907 2174 1007 2218 causa
1022 2155 1190 2240 inspiratae
1207 2157 1340 2236 laetitiae,

172 2277 248 2322 cum
264 2257 321 2339 qui
338 2257 467 2321 inerant
483 2256 606 2322 ibidem
626 2267 807 2340 praesentes
829 2258 1040 2341 inquirerent,
1055 2259 1118 2324 hoc
1132 2262 1181 2325 eis
1197 2261 1341 2328 Sanctus

173 2381 380 2446 responsum,
405 2381 535 2426 sursum
558 2362 745 2444 respiciens,
766 2362 881 2428 dedit:
909 2362 995 2428 Mira
1017 2373 1051 2429 et
1074 2365 1341 2450 incomparabilis

172 2466 333 2550 angelicae
349 2463 515 2529 subtilitas
530 2473 665 2530 natura„
712 2464 801 2530 Ecce
815 2467 904 2531 enim
920 2467 1058 2551 angelus
1074 2468 1221 2550 Domini,
1233 2472 1275 2536 ad
1292 2492 1340 2536 re-

173 2571 356 2655 petendum
371 2569 506 2652 aliquod
532 2570 608 2633 Deo
629 2588 743 2633 carum
767 2570 886 2634 missus
908 2571 1108 2654 depositum,
1122 2594 1185 2638 nos
1199 2575 1342 2659 desuper

173 2677 260 2741 intra
274 2674 446 2739 ecclesiam
463 2674 627 2758 aspiciens
642 2683 676 2738 et
687 2673 894 2752 benedicens,
912 2695 1039 2740 rursum
1056 2698 1115 2760 per
1130 2681 1340 2762 parasticiam

171 2780 320 2845 ecclesiae
350 2797 507 2854 reversus,
537 2777 627 2841 nulla
657 2778 733 2841 talis
758 2778 900 2862 vestigia
928 2780 1039 2843 exitus
1069 2780 1208 2863 reliquit
1255 2785 1341 2849 Haec

174 2885 324 2951 Sanctus
385 2883 453 2949 Sed
484 2891 597 2945 tamen
627 2882 670 2945 de
699 2882 861 2964 qualitate
886 2882 974 2947 illius
1003 2884 1146 2967 depositi
1176 2887 1219 2950 ad
1249 2889 1339 2969 quod

171 2989 292 3052 missus
303 2998 353 3051 est
365 2986 504 3069 angelus
516 2987 747 3068 requirendum
762 3006 860 3050 nemo
871 2987 914 3050 de
926 2989 1215 3054 circumstantibus
1227 3011 1339 3077 recog-

173 3113 309 3157 noscere
332 3092 464 3174 potuit
507 3090 630 3154 Noster
655 3111 733 3154 vero
756 3100 916 3174 patronus
938 3104 1100 3171 sanctum,
1124 3097 1292 3178 propriam
1320 3117 1341 3162 a

174 3198 249 3263 Deo
264 3197 325 3261 sibi
341 3196 610 3260 commendatam
624 3195 780 3273 animam,
792 3197 980 3279 depositum
995 3201 1206 3282 nuncupavit
1245 3200 1340 3284 Quae,

64 3358 69 3368 .
173 3303 268 3366 sicuti
285 3299 419 3365 inferius
436 3299 628 3377 narrabitur,
651 3299 725 3377 alia,
748 3301 835 3364 senis
858 3301 1152 3367 intervenientibus
1174 3307 1340 3371 continuis

173 3407 299 3484 diebus,
315 3405 494 3470 Dominica
509 3416 607 3470 nocte
622 3405 664 3468 ad
682 3405 867 3468 Dominum
883 3405 1064 3489 emigravit

175 3626 190 3708 ᾗ
203 3644 229 3692 2.
262 3626 404 3693 Sanctus
417 3624 570 3692 Columba
585 3634 709 3710 tempus
721 3646 789 3690 suoe
802 3628 916 3692 mortis
931 3627 1082 3693 ministro
1091 3650 1150 3695 suo
1163 3632 1341 3700 Dimm'tio

346 3731 488 3795 revelat:
508 3751 609 3814 equus
622 3742 756 3795 mortem
774 3731 891 3797 Sancti
895 3734 1054 3814 futuram
1069 3735 1168 3820 deflet.

173 3920 247 3985 VIR
270 3919 382 4002 itaque
404 3918 600 3983 venerabilis
622 3918 656 3983 in
680 3918 746 3983 fine
767 3919 917 4004 ejusdem
944 3922 1172 4003 hebdomadis,
1194 3927 1257 3991 hoc
1280 3939 1340 4007 est,

173 4026 227 4089 die
254 4023 406 4100 sabbati,³
431 4023 501 4106 ipse
525 4032 559 4087 et
584 4024 659 4106 pius
684 4024 833 4089 minister
855 4026 1052 4091 Diormitius
1078 4030 1120 4094 ad
1147 4033 1338 4114 proximum

173 4138 315 4212 pergunt
331 4128 592 4190 benedicendum
617 4127 779 4191 horreum.
825 4128 924 4212 Quod
949 4130 1075 4194 intrans
1098 4131 1240 4198 Sanctus
1262 4157 1337 4200 cum

171 4232 406 4308 benedixisset,
428 4241 462 4295 et
484 4232 568 4294 duos
592 4232 624 4294 in
648 4251 689 4294 eo
711 4231 843 4315 frugum
866 4243 1088 4316 sequestratos
1110 4257 1253 4316 acervos,
1275 4239 1338 4305 hoc

205 4513 216 4551 ³
233 4498 312 4549 ‘'Our
330 4498 460 4563 Suturday.
497 4498 553 4550 The
573 4499 682 4566 practice
700 4499 729 4549 oi
744 4499 838 4566 calling
855 4500 897 4551 the
914 4499 1001 4552 [onds
1017 4503 1132 4568 Doythe
1147 4506 1255 4558 Suom
1270 4523 1338 4561 com.

172 4582 276 4638 menoed
288 4581 392 4632 aborta
404 4581 527 4633 thousand
539 4597 610 4649 yem
620 4581 684 4636 alter
696 4581 745 4634 thir
756 4580 841 4635 derel·
876 4583 980 4634 neem
