3226 5520
622 501 934 569 COLUMBAE.
1319 505 1356 568 81

197 708 336 787 centeni,
351 717 385 773 et
401 728 442 773 eo
459 709 610 793 amplius,
633 708 781 774 adhiberi
804 717 949 793 potuere
996 708 1072 772 Non
1089 715 1220 773 tantum
1236 707 1269 772 in
1285 727 1362 786 uno,

197 821 256 879 aut
278 812 361 891 loco,
385 822 443 878 aut
466 821 625 897 tempore,
648 812 711 877 hoc
735 813 824 878 idem
848 811 1028 896 contigisse
1044 810 1287 895 comprobatur,
1303 811 1361 876 sed

197 916 297 982 etiam
323 917 460 983 diversis
482 917 562 982 locis
584 926 619 982 et
640 917 845 1000 temporibus
867 918 901 980 in
925 914 1039 982 Scotia
1060 926 1094 981 et
1116 916 1149 979 in
1180 914 1360 994 Britannia,

197 1022 296 1086 simili
312 1031 424 1088 tamen
445 1031 480 1087 et
500 1023 601 1087 modo
623 1031 657 1087 et
679 1041 778 1086 causa
801 1020 1012 1099 liberationis,
1027 1019 1151 1085 lactum
1168 1019 1276 1098 luisse,
1291 1020 1362 1084 sine

196 1125 265 1190 ulla
286 1125 504 1210 ambiguitate
526 1125 737 1210 exploratum
759 1133 818 1190 est
865 1125 950 1189 Haec
971 1124 1014 1189 ab
1034 1123 1182 1207 expertis
1207 1124 1360 1189 uniuscu-

194 1230 315 1314 jusque
338 1229 489 1314 regionis,
511 1230 711 1314 ubicumque
726 1251 777 1295 res
792 1230 908 1294 eadem
925 1229 1024 1294 simili
1039 1229 1179 1313 contigit
1194 1228 1362 1306 miraculo,

198 1334 424 1400 indubitanter
439 1335 621 1401 didicimus.

242 1438 319 1518 Sed,
335 1448 372 1504 ut
387 1439 430 1504 ad
446 1440 651 1524 propositum
668 1439 851 1519 redeamus,
862 1439 948 1503 inter
958 1458 999 1503 ea
1014 1437 1171 1503 miracula
1186 1457 1261 1521 quae
1273 1437 1361 1503 idem

198 1541 247 1606 vir
273 1541 419 1622 Domini,
446 1544 479 1606 in
506 1562 605 1608 carne
627 1542 757 1608 mortali
780 1561 987 1621 conversans,
1011 1541 1086 1606 Deo
1109 1542 1265 1620 donante,
1289 1560 1361 1624 per·

197 1645 327 1726 iecerat,
350 1646 393 1711 ab
415 1647 511 1712 annis
536 1647 737 1733 juvenilibus
763 1647 865 1731 coepit
887 1646 987 1711 etiam
1011 1644 1193 1730 prophetiae
1216 1645 1350 1728 spiritu⁹

199 1750 332 1835 pollere,
360 1761 500 1818 ventura
529 1753 717 1837 praedicere,
755 1751 973 1837 praesentibus
1010 1750 1161 1815 absentia
1191 1749 1363 1829 nuntiare;

198 1855 277 1938 quia
291 1855 443 1939 quamvis
458 1856 577 1920 absens
592 1875 738 1940 corpore,
754 1876 900 1939 praeserrs
911 1864 1023 1919 tamen
1037 1854 1163 1938 spiritu,
1178 1854 1277 1937 longe
1289 1862 1364 1919 acta

198 1959 369 2043 pervidere
398 1968 535 2045 poterat
591 1960 688 2039 Nam,
714 1959 816 2043 juxta
847 1958 939 2024 Pauli
968 1977 1094 2036 vocem,
1122 1957 1189 2042 Qui
1215 1956 1364 2023 adhaeret

200 2063 348 2130 Domino
363 2085 448 2131 unus
463 2065 597 2148 spiritus
612 2075 669 2130 est
717 2064 818 2130 Unde
840 2072 874 2129 et
896 2064 986 2129 idem
1009 2063 1058 2127 vir
1077 2061 1214 2127 Domini
1230 2071 1364 2126 sanctus

199 2166 374 2247 Columba,
389 2168 474 2234 sicut
489 2177 522 2233 et
537 2167 608 2252 ipse
622 2166 822 2250 quibusdam
838 2166 952 2251 paucis
967 2165 1129 2244 fratribus,
1141 2165 1184 2231 de
1199 2186 1233 2230 re
1244 2167 1362 2231 eadem

199 2271 379 2355 aliquando
407 2271 707 2356 percunctantibus,
734 2291 799 2337 non
827 2271 970 2356 negavit,
997 2271 1030 2335 in
1060 2270 1238 2356 aliquantis
1267 2270 1364 2346 dialis

199 2377 315 2460 gratiae
337 2376 618 2461 speculationibus
640 2385 749 2443 totum
772 2376 874 2441 etiam
898 2377 1071 2454 mundum,
1085 2376 1187 2440 veluti
1203 2395 1271 2441 uno
1285 2375 1364 2441 solis

199 2480 292 2545 radio
307 2480 491 2560 collectum,
514 2481 587 2547 sinu
611 2481 732 2547 mentis
755 2480 947 2546 mirabiliter
970 2480 1094 2558 laxato,
1115 2480 1363 2547 manifestatum

200 2583 401 2668 perspiciens
417 2583 656 2668 speculabatur.

244 2688 329 2753 Haec
355 2689 398 2754 de
423 2689 528 2755 sancti
553 2689 614 2754 viri
643 2689 697 2754 hic
723 2688 799 2753 ideo
828 2697 980 2753 enarrata
1009 2696 1087 2751 sunt
1115 2686 1300 2766 virtutibus,
1326 2695 1364 2753 ut

199 2793 327 2858 avidior
355 2792 458 2858 lector
487 2793 628 2859 breviter
662 2793 852 2878 perscripta,
888 2792 983 2876 quasi
1010 2791 1172 2857 dulciores
1201 2794 1363 2875 quasdam

200 2904 381 2978 praegustet
402 2896 525 2978 dapes:
547 2917 622 2982 quae
645 2905 756 2961 tamen
780 2895 909 2980 plenius
932 2895 965 2958 in
985 2894 1089 2959 tribus
1112 2894 1245 2958 inferius
1265 2894 1366 2974 libris,

202 2997 350 3065 Domino
364 3001 556 3080 auxiliante,
578 3001 825 3067 enarrabuntur.
871 3000 970 3065 Nunc
993 2998 1074 3063 mihi
1093 3018 1158 3063 non
1175 2998 1366 3064 indecenter

200 3102 341 3183 videtur,
370 3104 458 3170 beati
488 3104 557 3183 viri,
587 3105 663 3170 licet
700 3112 903 3189 praepostero
937 3104 1062 3182 ordine,
1095 3102 1367 3188 prophetationes

201 3204 302 3285 effari,
328 3228 411 3291 quas
434 3208 477 3273 de
498 3208 621 3273 sanctis
643 3209 843 3292 quibusdam
866 3217 900 3274 et
923 3206 1103 3274 illustribus
1124 3207 1211 3288 viris,
1229 3207 1367 3274 diversis

202 3313 392 3394 prolocutus
406 3322 457 3380 est
472 3312 685 3398 temporibus

641 3679 668 3746 C
682 3679 715 3743 A
729 3678 754 3743 P
768 3678 801 3746 U
815 3679 845 3744 T
876 3679 892 3745 1
907 3679 932 3745 1.

396 3849 449 3916 De
464 3849 584 3917 Sancto
598 3850 742 3929 Finteno,
756 3850 877 3929 abbate,
889 3850 967 3936 filio
987 3849 1018 3915 Τ
1014 3847 1177 3915 arichani¹

203 4020 377 4088 SANCTUS
416 4022 635 4100 Flauum?
663 4022 719 4105 qui
757 4030 874 4106 postea
903 4041 962 4106 per
991 4021 1160 4087 universas
1190 4023 1366 4090 Scotorum

202 4126 356 4191 ecclesias
367 4125 465 4191 valde
477 4126 643 4191 noscibilis
658 4125 791 4190 habitus
803 4135 862 4204 est,
873 4147 893 4191 a
904 4126 1020 4209 puerili
1032 4137 1131 4192 aetate
1144 4129 1368 4212 integritatem

235 4375 248 4413 9
260 4360 403 4427 According
420 4370 447 4412 to
463 4362 581 4414 Giraldus
598 4361 764 4422 cambrensis.
779 4361 811 4413 be
828 4378 879 4413 was
889 4378 938 4414 one
949 4363 975 4413 ot
992 4362 1034 4413 tbe
1045 4362 1100 4412 lour
1112 4362 1176 4413 Irish
1188 4363 1273 4415 Saiuts
1285 4363 1367 4414 whom

202 4443 245 4493 the
257 4443 352 4494 nativas
368 4444 482 4495 believed
499 4453 525 4495 to
535 4445 600 4495 bave
611 4444 675 4495 been
686 4444 808 4496 eudowed
825 4444 886 4495 with
903 4445 946 4495 tbe
963 4444 1009 4511 giu
1021 4443 1051 4495 oi
1062 4444 1196 4510 prophecy‚
1210 4444 1271 4495 Her.
1285 4445 1366 4511 Exp„

203 4524 240 4583 ii..
256 4523 286 4574 16
298 4523 347 4574 and
361 4536 400 4590 33

237 4611 247 4641 ¹
263 4606 365 4658 instead
375 4606 406 4659 oi
417 4606 559 4671 Tullum,
573 4607 689 4671 Finteao,
703 4607 832 4671 fintenus,
846 4606 955 4661 columb
971 4607 1046 4675 (ἕως.
1061 4606 1177 4673 Columb,
1191 4606 1367 4671 nnuman.

781 4706 800 4751 Ι
