3226 5520
205 482 246 564 38
713 481 860 549 VITA

204 709 289 772 aque
303 689 480 755 obsederat
495 690 639 770 menbra,
654 691 739 756 adeo
761 699 798 756 ut
820 692 905 758 cutis
929 691 1123 758 mirabiliter
1143 690 1367 758 obdurescens

204 813 363 859 venarum
390 803 519 860 meatus
543 794 744 874 obcluderet,
767 796 902 862 arterias
924 798 1180 883 circumquaque
1204 797 1366 862 constrin-

203 906 317 982 geret;
339 896 504 981 nichilque
519 899 609 964 aliud
625 899 687 963 nisi
704 911 843 966 mortem
860 902 1000 985 patienti
1015 911 1153 986 pararet
1192 901 1368 967 Accedens

205 1003 318 1084 itaque
334 1003 432 1066 miser
440 1004 483 1067 ad
495 1023 615 1087 corpus
627 1006 742 1083 sancti,
750 1006 981 1071 devotissimas
991 1006 1156 1071 orationes
1167 1005 1272 1084 altari,
1281 1004 1368 1086 fidei,

204 1108 349 1184 domino,
361 1106 528 1172 offerebat.
567 1108 691 1173 Fluunt
707 1110 860 1188 lacrimae,
875 1111 1039 1195 singultus
1054 1119 1283 1194 prorumpunt,
1294 1129 1368 1174 suc·

204 1211 342 1276 cuttitur
363 1223 487 1295 pectus,
504 1211 575 1296 ipsa
589 1213 715 1276 viscera
737 1214 1003 1278 contremiscunt
1050 1213 1127 1278 Non
1143 1212 1248 1279 defuit
1263 1223 1368 1278 tantae

204 1314 289 1393 fidei,
315 1325 484 1400 tantaeque
510 1317 699 1381 contritioni
727 1318 880 1382 meritum
907 1318 1022 1397 sancti,
1042 1338 1109 1383 non
1132 1318 1238 1383 defuit
1260 1318 1367 1402 pictas

203 1419 344 1485 Christi:
367 1429 401 1484 et
416 1430 567 1484 sanctum
584 1440 680 1485 suum
693 1420 888 1503 glorificans,
904 1431 938 1486 et
954 1421 1109 1485 miserum
1126 1421 1368 1486 misercorditer

201 1525 339 1588 salvans
386 1521 476 1606 Quid
505 1524 616 1589 multis
643 1530 774 1589 morer?
804 1545 870 1589 non
897 1534 1005 1590 cessat
1031 1546 1053 1589 a
1074 1526 1226 1609 precibus
1241 1545 1368 1610 pauper

201 1626 405 1705 Adelsridus,
423 1628 486 1691 hoc
511 1629 541 1692 ei
566 1647 686 1692 nomen
709 1629 788 1708 viro,
809 1631 915 1694 donec
941 1630 1056 1714 paucis
1078 1630 1223 1714 expletis
1248 1629 1367 1696 diebus

202 1731 350 1816 pristinae
365 1731 513 1796 redditur
527 1733 669 1798 sanitati

614 1952 641 2019 3.
671 1937 714 2002 In
728 1937 841 2021 puella
862 1957 946 2004 caca.

246 2092 328 2157 Erat
353 2100 513 2176 praeterea
537 2102 609 2157 tum
634 2093 667 2158 in
694 2092 819 2180 populo
848 2092 960 2175 puella
985 2092 1150 2177 quaedam,
1177 2092 1309 2159 Deisuit
1334 2095 1366 2159 ei

201 2217 332 2271 nomen,
347 2216 422 2281 quae
445 2206 540 2262 tanto
562 2197 734 2261 oculorum
757 2197 872 2260 dolore
898 2209 1022 2261 vexata
1047 2205 1106 2277 est,
1122 2207 1159 2262 ut
1184 2197 1235 2261 vis
1258 2197 1366 2262 morbi

200 2321 334 2365 omnem
356 2301 385 2363 ei
409 2301 542 2364 videndi
567 2319 700 2364 sensum
724 2301 894 2379 adimeret,
909 2301 1120 2390 tenebrisque
1142 2302 1255 2366 omnia
1270 2322 1367 2367 occu·

200 2405 365 2488 pantibus,
390 2404 491 2469 etiam
520 2406 598 2469 solis
621 2405 650 2468 ei
676 2404 787 2469 lumen
812 2405 1037 2470 absconderet
1088 2406 1193 2470 Dolor
1217 2407 1367 2490 patienti,

201 2509 381 2591 majoribus
410 2509 478 2572 suis
507 2508 787 2592 compatientibus
823 2528 938 2573 meror.
1004 2508 1063 2575 Set
1095 2510 1175 2594 quid
1205 2516 1366 2594 agerent?

201 2612 305 2676 Facta
320 2621 370 2675 est
390 2614 433 2676 de
450 2612 652 2676 medicorum
670 2611 830 2675 industria
853 2613 1049 2696 desperatio,
1064 2615 1154 2696 quod
1171 2613 1278 2678 solum
1295 2614 1366 2698 spei

199 2715 368 2799 superfuit,
391 2717 549 2800 quaeritur
572 2716 743 2780 Ninianus.
801 2714 857 2780 Ad
883 2736 1001 2780 manus
1022 2717 1133 2801 itaque
1159 2727 1266 2781 tracta
1288 2727 1367 2782 ante

199 2820 441 2884 sanctissimam
466 2819 610 2903 glebam,
631 2819 749 2897 dolens
770 2820 969 2904 ploransque
994 2821 1179 2885 dimittitur.
1235 2822 1366 2906 Quaerit

198 2925 335 3003 intente,
347 2925 431 3009 petit
443 2925 592 3003 sollicite,
604 2924 715 3008 pulsat
728 2925 912 3008 inportune,
925 2945 991 2988 non
1007 2925 1178 2989 exciderat
1194 2925 1250 3010 pio
1267 2925 1365 2989 Ihesu

198 3030 277 3113 quid
294 3030 327 3093 in
351 3048 411 3094 suo
427 3029 614 3112 promiserit
633 3027 824 3110 evangelio:
848 3028 954 3092 Petite
969 3037 1003 3092 et
1018 3027 1206 3110 accipietis3
1227 3028 1367 3110 quaerite

199 3143 232 3197 et
249 3134 442 3212 invenietis3
465 3133 594 3216 pulsate
606 3143 638 3198 et
651 3135 815 3217 aperietur
826 3132 940 3198 vobis.¹
983 3132 1099 3215 Itaque
1111 3142 1302 3196 memoratae
1319 3132 1366 3198 illi

199 3238 318 3321 puellae
334 3239 487 3320 apparuit
511 3239 618 3320 gratia
641 3257 740 3321 quam
757 3237 917 3319 quaesivit.
964 3235 1092 3318 Aperta
1108 3244 1158 3298 est
1178 3236 1280 3318 janua
1296 3236 1365 3318 pie·

199 3342 276 3404 tatis
292 3343 333 3405 ad
351 3362 449 3424 quam
475 3340 627 3423 pulsavit.
675 3340 764 3404 Data
779 3349 829 3403 est
851 3339 975 3402 sanitas
991 3358 1091 3421 quam
1108 3339 1232 3421 petivit
1279 3338 1364 3403 Sub-

198 3444 273 3508 latis
289 3446 377 3508 enim
395 3445 538 3508 tenebris
556 3446 615 3508 lux
639 3446 761 3508 amissa
777 3456 953 3527 reparatur.
1001 3443 1105 3506 Dolor
1128 3444 1237 3506 omnis
1252 3444 1365 3507 absce-

199 3549 269 3626 dit;
302 3549 349 3613 ita
378 3558 416 3613 ut
445 3569 520 3632 quae
546 3550 613 3613 alio
637 3550 780 3614 ducente
804 3549 846 3612 ad
871 3567 1000 3612 sacrum
1027 3558 1163 3611 venerat
1190 3547 1364 3625 tumulum,

197 3653 320 3736 proprii
340 3652 473 3718 luminis
488 3653 591 3718 ductu
614 3655 656 3717 ad
681 3654 819 3718 domum
842 3652 972 3731 rediret,
987 3672 1063 3717 cum
1087 3671 1210 3735 magna
1232 3652 1363 3716 exulta·

198 3756 289 3822 tione
304 3766 490 3841 parentum.

580 3967 610 4028 4
639 3947 682 4011 In
704 3946 827 4012 duobus
848 3946 985 4029 leprosis.

241 4115 315 4179 Visi
330 4122 408 4179 sunt
424 4125 583 4199 praeterea
597 4116 709 4180 venire
731 4117 764 4180 in
780 4116 947 4181 civitatem
964 4116 1024 4179 viri
1040 4117 1107 4181 duo
1123 4116 1250 4200 leprosi.
1295 4115 1363 4200 Qui

198 4231 489 4303 presumptuosum
502 4221 706 4286 aestimantes
721 4241 796 4285 cum
810 4220 911 4304 leprae
922 4221 1078 4303 contagio
1090 4231 1206 4286 sancta
1218 4231 1364 4303 tangere,

197 4323 443 4408 quasidelonge
449 4327 553 4408 patris
561 4335 704 4409 poscunt
712 4326 883 4391 auxilium.
901 4325 1279 4391 Accedentesautemad
1290 4326 1363 4390 son·

680 4596 780 4658 ablat,
793 4595 837 4648 vii.
850 4605 873 4660 7.
