3226 5520
651 501 961 570 colunum.
1327 506 1388 585 ru

223 706 385 785 invadere,
401 718 435 773 et
451 710 573 774 multos
588 730 633 774 ex
655 708 809 775 iratribus
824 710 940 775 iisdem
957 709 1113 776 volebant
1133 710 1285 794 jugulare
1300 709 1388 775 sudi-

222 812 292 876 bus.
339 813 416 896 Ipse
441 814 511 877 viro
534 825 649 879 contra
675 815 757 880 tales
783 814 922 880 aemulos
947 835 1033 880 unus
1063 816 1165 880 homo
1191 815 1389 892 innumeros,

223 926 359 1000 accepta
376 918 468 981 Pauli
490 927 657 982 armatura
679 918 830 1001 apostoli,
846 917 921 981 forti
937 918 1091 983 conflictu
1110 919 1297 983 dimicabat
1343 918 1390 982 Et

222 1021 269 1084 ita
284 1042 328 1084 ex
346 1022 470 1104 majore
486 1022 550 1085 diei
567 1032 660 1105 parte
683 1023 837 1106 utrinque
860 1023 1053 1085 dimicatum
1073 1033 1131 1100 est,
1148 1045 1208 1087 nec
1224 1024 1388 1086 innumer-

222 1126 325 1189 abiles
352 1146 455 1190 unum
480 1128 610 1190 vincere
634 1137 797 1209 poterant,
821 1146 881 1190 nec
908 1146 965 1190 eos
991 1145 1077 1190 unus
1103 1129 1146 1192 de
1172 1148 1231 1192 sua
1256 1127 1389 1191 valebat

222 1229 329 1294 insula
344 1231 521 1314 repellere;
544 1232 649 1295 donec
665 1231 774 1315 angeli
791 1232 864 1309 Dei,
880 1239 917 1294 ut
933 1230 1076 1295 Sanctus
1099 1241 1175 1315 post
1189 1231 1388 1314 quibusdam

223 1353 288 1397 non
309 1334 421 1398 multis
442 1334 606 1412 retulerat,
623 1334 654 1398 in
679 1334 917 1399 adminiculum
940 1333 1085 1414 affuere;
1107 1355 1247 1418 quorum
1271 1335 1390 1398 timore

222 1436 406 1521 proturbati
435 1438 606 1503 daemones
636 1439 710 1503 loco
739 1459 871 1503 cessere
928 1438 1125 1522 Eademque
1153 1439 1218 1517 die,
1245 1438 1389 1504 Sanctus

221 1542 264 1605 ad
296 1543 531 1608 monasterium
564 1553 640 1626 post
670 1543 911 1607 daemoniorum
942 1562 1090 1607 reversus
1120 1545 1162 1607 de
1192 1562 1252 1607 sua
1282 1542 1389 1607 insula

221 1643 467 1728 effugationem,
511 1646 574 1710 hoc
618 1646 661 1710 de
704 1647 829 1711 eisdem
875 1644 993 1711 turmis
1036 1646 1211 1712 hostilibus
1251 1646 1388 1711 verbum

221 1748 378 1831 profatur,
423 1749 595 1833 inquiens:
641 1750 694 1814 Illi
740 1750 926 1815 exitiabiles
972 1750 1083 1816 aemuli
1128 1751 1184 1834 qui
1229 1749 1291 1815 hac
1335 1750 1390 1814 die

221 1853 263 1918 de
290 1853 388 1937 hujus
415 1855 554 1934 terrulae,
580 1855 657 1919 Deo
683 1854 835 1940 propitio,
863 1854 1004 1939 regione,
1031 1855 1157 1938 angelis
1188 1855 1283 1919 nobis
1312 1855 1390 1919 sub-

221 1958 439 2036 venientibus,
468 1961 512 2024 ad
548 1960 702 2025 Ethicam
738 1959 875 2043 effugati
913 1970 991 2025 sunt
1028 1969 1172 2038 terram,¹
1200 1960 1390 2043 ibidemque

221 2062 299 2125 saevi
330 2063 506 2140 invasores
536 2063 674 2127 fratrum
704 2063 905 2128 monasteria
936 2063 1104 2142 invadent,
1133 2074 1167 2128 et
1196 2063 1389 2148 pestilentes

222 2166 363 2232 inserent
386 2168 528 2245 morbos,
552 2188 692 2251 quorum
717 2168 870 2232 molestia
896 2167 1051 2245 infestati,
1077 2166 1173 2232 multi
1200 2167 1388 2233 morientur.

221 2271 322 2355 Quod
339 2271 455 2336 iisdem
471 2273 596 2349 diebus,
606 2272 706 2356 juxta
719 2271 808 2337 beati
821 2272 1062 2356 praescientiam
1076 2273 1144 2348 viri,
1157 2273 1203 2336 ita
1218 2282 1252 2336 et
1264 2270 1388 2336 lactum

221 2385 279 2438 est.
327 2376 371 2440 Et
392 2385 477 2458 post,
493 2377 732 2441 interveniente
755 2377 868 2455 biduo,
884 2378 913 2441 ei
929 2376 1095 2442 revelante
1121 2376 1266 2460 Spiritu:
1289 2376 1390 2453 Bene,

221 2478 276 2556 ait,
288 2479 510 2559 Baitheneus,³
523 2482 708 2546 auxiliante
724 2482 808 2560 Deo,
819 2481 1023 2565 dispensavit
1035 2492 1072 2546 ut
1084 2481 1233 2564 ejusdem
1243 2481 1390 2545 ecclesiae

221 2583 282 2659 cui,
299 2583 374 2647 Deo
388 2594 532 2663 auctore,
547 2594 668 2668 praeest
684 2586 717 2648 in
734 2586 864 2669 Campo
888 2585 1015 2668 Lunge,
1027 2584 1162 2668 jejuniis
1185 2596 1218 2649 et
1233 2585 1389 2649 orationi·

221 2686 283 2750 bus
307 2687 458 2752 collectio
482 2710 501 2752 a
525 2690 717 2753 daemonum
750 2689 947 2754 defendatur
977 2691 1165 2754 invasione:
1195 2690 1251 2753 ubi
1283 2710 1390 2768 nem0,

221 2802 365 2875 excepto
389 2813 457 2856 uno
480 2794 537 2877 qui
562 2806 712 2858 mortuus
736 2805 795 2869 est,
816 2794 877 2858 hac
900 2795 972 2857 vice
995 2795 1159 2858 morietur.
1216 2793 1316 2877 Quod
1333 2794 1390 2873 ita,

218 2894 319 2978 juxta
348 2897 539 2961 vaticinium
570 2899 651 2982 ejus,
680 2898 853 2981 expletum
884 2908 942 2963 est
1004 2899 1091 2962 Nam
1121 2919 1197 2963 cum
1228 2898 1324 2963 multi
1355 2899 1388 2963 in

221 3000 348 3063 caeteris
363 3001 510 3084 ejusdem
528 3001 645 3065 insulae
668 3003 888 3066 monasteriis⁴
901 3003 1019 3066 eodem
1036 3002 1153 3066 morbo
1176 3012 1389 3079 morerentur,

221 3123 329 3182 nemo,
345 3106 406 3168 nisi
422 3126 507 3169 unus
522 3107 565 3170 de
580 3127 647 3189 quo
663 3106 806 3171 Sanctus
820 3107 909 3171 dixit
931 3108 1020 3189 apud
1045 3106 1264 3171 Baitheneum
1280 3105 1313 3169 in
1329 3125 1390 3170 sua

221 3218 271 3272 est
287 3217 437 3273 mortuus
452 3211 719 3293 congregatione.

649 3548 854 3615 CAPUT
894 3548 965 3613 IX.

219 3721 272 3786 De
292 3723 479 3805 angelomm
504 3721 711 3805 apparitione,
733 3741 810 3804 quos
835 3718 892 3784 vir
918 3720 986 3785 Dei
1006 3719 1135 3784 viderat
1155 3720 1294 3805 alicujus
1315 3722 1388 3786 ani·

306 3847 405 3903 rnarn,
420 3826 546 3890 nomine
564 3825 718 3903 columbi,
724 3822 822 3908 fabri
831 3825 980 3906 ferrarii
996 3823 1170 3908 Coilrrgini
1182 3835 1390 3910 cognonunto,

305 3931 354 3994 ad
371 3931 460 3995 celos
480 3929 616 3995 evehere.

221 4084 379 4169 QUIDAM
411 4085 503 4151 saber
540 4085 691 4149 serrarius
721 4086 752 4149 in
789 4085 1027 4149 mediterranea
1058 4082 1181 4149 Scotiae
1217 4081 1390 4149 habitabat

254 4297 266 4324 ²
279 4288 335 4337 The
347 4288 427 4337 island
439 4288 469 4338 oi
477 4289 558 4338 Tiree.

253 4381 264 4418 s
278 4372 325 4420 See
339 4370 370 4430 1.,
388 4383 425 4433 19,
440 4384 480 4434 30,
495 4384 536 4432 41,
549 4369 599 4419 und
613 4370 659 4430 11..
678 4380 714 4434 ις,
729 4377 813 4433 supra.

252 4467 265 4503 4
279 4456 329 4504 For
348 4452 391 4502 the
408 4452 585 4503 ecclesiasticel
604 4451 712 4502 remeius
729 4451 758 4501 ol
773 4451 816 4502 the
831 4449 920 4511 island,
934 4465 975 4501 ree
993 4450 1039 4501 Dr.
1054 4448 1159 4501 Reeves'
1171 4465 1249 4517 paper
1259 4465 1293 4501 on
1307 4452 1390 4504 “The

221 4537 306 4588 leland
324 4535 353 4584 ol
371 4535 472 4594 Tiree,”
492 4536 518 4586 in
536 4534 578 4585 the
598 4535 681 4586 Ulster
692 4535 810 4601 Journal
827 4533 858 4599 os
872 4533 1038 4598 Arelaology,
1056 4532 1213 4598 Oct.,1854,
1232 4535 1284 4585 aud
1301 4535 1390 4588 Moir's

219 4617 416 4685 Ecclesiologr'cal
424 4616 500 4669 Note:
509 4631 542 4668 on
552 4631 616 4669 mm
625 4615 702 4680 esth«
712 4616 812 4668 island:
823 4615 854 4685 os
859 4615 983 4678 Scaland,
998 4631 1042 4685 pp.
1058 4627 1098 4682 29,
1110 4622 1135 4668 et
1144 4631 1191 4689 seq.
