3226 5520
214 468 257 544 '9²
518 459 664 529 VITA
704 457 1009 529 li.-L1BER
1049 457 1077 528 1.

218 683 288 737 tare
302 690 379 736 eum
395 669 540 754 cupiens,
557 671 685 755 pergit;
707 669 883 753 ipsumque
906 687 982 733 curn
1006 667 1242 748 benedixisset,
1257 664 1389 734 confor-

217 783 293 839 tans
308 773 374 838 ait:
398 771 471 850 Fili,
486 771 572 836 nolis
587 771 783 849 contristari,
805 771 864 836 sed
887 770 999 854 potius
1014 767 1128 835 laetare
1143 777 1178 834 et
1192 768 1390 835 confortare.

219 875 329 942 Aidus
343 875 432 941 enim
448 894 519 954 rex,
534 875 624 960 apud
647 894 747 959 quem
770 873 958 939 vinculatus
980 893 1024 953 es,
1047 873 1090 938 de
1115 872 1180 938 hoc
1206 874 1333 940 mundo
1354 881 1392 938 te

218 980 405 1063 praecedet;
426 987 470 1058 et,
486 989 563 1062 post
578 977 689 1062 aliqua
704 978 796 1043 exilii
812 988 973 1062 tempora,
985 977 1122 1061 triginta
1133 977 1229 1041 annis
1244 977 1277 1042 in
1289 985 1393 1060 gente

217 1091 276 1148 tua
292 1104 353 1149 rex
369 1092 566 1167 regnaturus
582 1103 627 1148 es.
676 1082 868 1167 iterumque
883 1083 926 1147 de
942 1102 1045 1165 regno
1060 1079 1267 1166 effugaberis,
1282 1090 1316 1146 et
1331 1101 1393 1166 per

218 1187 345 1271 aliquot
360 1185 514 1251 exulabis
529 1186 600 1252 dies
616 1208 624 1266 ;
646 1195 723 1269 post
738 1207 831 1270 quos,
846 1207 866 1251 a
889 1185 1014 1270 populo
1034 1185 1237 1265 reinvitatus,
1253 1207 1312 1270 per
1325 1186 1392 1251 tria

218 1291 372 1375 regnabis
397 1290 510 1355 brevia
535 1299 696 1375 tempora.
746 1289 833 1374 Quae
855 1300 975 1354 cuncta
994 1289 1096 1374 juxta
1118 1289 1390 1356 vaticinationem

220 1395 335 1461 Sancti
352 1394 448 1479 plene
469 1395 606 1480 expleta
629 1404 725 1460 sunt:
749 1415 826 1459 narn
850 1404 927 1479 post
949 1395 1086 1478 triginta
1108 1415 1214 1459 annos
1229 1395 1272 1459 de
1286 1414 1392 1477 regno

219 1499 390 1583 expulsus,
405 1519 464 1583 per
478 1499 614 1582 aliquod
637 1499 788 1564 exulavit
810 1499 956 1582 spatium
979 1498 1163 1583 temporis;
1189 1498 1247 1562 sed
1270 1506 1347 1582 post
1370 1519 1393 1562 a

220 1603 345 1688 populo
361 1604 563 1683 reinvitatus,
578 1624 654 1682 non,
669 1612 707 1669 ut
723 1602 872 1688 putabat,
888 1602 993 1668 tribus
1008 1602 1113 1682 annis,
1125 1603 1184 1668 sed
1200 1602 1302 1667 ternis
1316 1621 1390 1686 reg·

220 1708 313 1773 navit
327 1707 496 1773 mensibus
510 1729 519 1789 ;
540 1716 617 1792 post
632 1728 716 1792 quos
731 1707 890 1773 continuo
905 1706 995 1773 obiit

631 2176 836 2247 CAPUT
874 2177 986 2244 XII.

221 2400 274 2466 De
298 2398 420 2465 duobus
444 2399 523 2466 aliis
550 2399 799 2486 Regrraton'bus,
823 2401 883 2486 qui
905 2400 969 2466 duo
994 2409 1117 2484 nepotes
1145 2398 1369 2466 Muiretioclu'
1380 2413 1390 2442 ¹

308 2504 540 2584 vocitabantur,
568 2504 734 2570 Baitanur
752 2505 852 2591 filius
880 2505 976 2569 Maic
1002 2503 1093 2582 Erce,
1116 2514 1148 2569 et
1175 2502 1392 2569 Euchudius¹

298 2607 398 2693 filius
418 2607 585 2689 Domnail,
606 2609 707 2674 Beati
716 2609 886 2694 prophetea
917 2609 997 2676 Vtra·

223 2810 322 2877 Auo
352 2811 386 2876 in
415 2820 575 2896 tempore,
605 2833 664 2896 per
696 2832 848 2897 asperam
879 2823 914 2878 et
942 2834 1100 2880 saxosam
1132 2812 1301 2899 regionem
1331 2812 1395 2878 iter

224 2915 356 2994 iaciens,
386 2936 461 3001 quae
490 2917 612 2983 dicitur
637 2917 894 2997 Ardamuircoi,³
917 2927 952 2984 et
978 2939 1055 2994 suos
1081 2918 1220 2985 audiens
1245 2915 1394 2996 comites,

224 3021 421 3086 Laisranum
438 3022 562 3106 utique,
586 3020 689 3086 filium
713 3022 905 3102 Feradachi,
927 3032 971 3102 et,
992 3021 1207 3088 Diormitium
1228 3021 1392 3087 ministra·

225 3133 341 3204 torem,
357 3126 399 3190 de
415 3125 545 3191 duobus
560 3147 660 3210 supra
683 3128 874 3191 memoratis
897 3126 1029 3211 regibus
1052 3129 1085 3193 in
1104 3128 1159 3192 via
1173 3127 1395 3204 sermocinari,

225 3229 297 3293 haec
313 3231 355 3294 ad
371 3249 428 3294 eos
443 3230 544 3295 verba
566 3231 751 3314 depromit:
775 3232 807 3298 O
827 3231 918 3296 filioli
941 3252 1043 3315 quare
1065 3233 1207 3297 inaniter
1222 3232 1265 3296 de
1280 3230 1331 3294 his
1346 3231 1393 3294 sic

225 3332 508 3398 confabularnini?
546 3335 635 3399 Nam
652 3334 699 3398 illi
714 3334 816 3399 arnbo
831 3357 933 3420 reges,
945 3337 1119 3420 dequibus
1135 3356 1224 3400 nunc
1239 3336 1394 3400 sermoci-

226 3437 361 3517 namini,
377 3457 482 3521 nuper
496 3438 541 3503 ab
555 3439 697 3503 inimicis
712 3440 892 3524 decapitari
905 3442 1132 3525 disperierunt
1179 3441 1219 3504 In
1235 3441 1297 3504 hac
1312 3460 1393 3523 quo·

226 3561 291 3624 que
306 3542 360 3606 die
375 3541 477 3624 aliqui
493 3543 535 3607 de
548 3542 663 3609 Scotia
673 3544 893 3610 adventantes
905 3556 1016 3610 nautae
1028 3546 1100 3610 haec
1109 3546 1227 3610 eadem
1242 3545 1337 3609 vobis
1352 3545 1395 3608 de

226 3644 290 3708 illis
328 3645 524 3710 indicabunt
553 3647 693 3730 regibus.
753 3647 854 3732 Quod
883 3650 1080 3714 venerabilis
1109 3649 1168 3714 viri
1201 3648 1394 3715 vaticinium

227 3749 345 3813 eadem
375 3749 430 3814 die
460 3750 502 3814 de
534 3750 696 3816 Hibernia
727 3754 945 3838 navigatores,
975 3756 1017 3819 ad
1049 3755 1158 3819 locum
1189 3754 1246 3837 qui
1275 3752 1396 3818 dicitur

230 3853 394 3918 Muirbolc
410 3854 557 3920 Paradisi
574 3857 811 3939 pervenientes,
827 3878 926 3942 supra
942 3859 1072 3943 scriptis
1087 3859 1158 3943 ejus
1169 3859 1256 3924 binis
1267 3858 1396 3922 comiti-

226 3957 298 4034 bus,
324 3967 358 4022 et
384 3959 417 4021 in
444 3959 561 4023 eadem
589 3962 665 4025 navi
685 3982 760 4026 cum
789 3963 914 4028 Sancto
941 3963 1182 4047 navigantibus,
1208 3963 1251 4027 de
1277 3963 1394 4026 iisdem

228 4060 408 4126 intersectis
424 4062 555 4146 regibus
571 4063 744 4147 expletum
762 4066 950 4131 retulerunt.

261 4374 270 4401 ¹
286 4365 450 4419 Muiredachi.

259 4480 271 4506 ²
286 4466 419 4518 Echodiuo

258 4579 270 4616 3
283 4566 494 4617 Artdamuirchol.
529 4565 585 4617 The
597 4565 701 4618 modern
712 4567 927 4618 Ardnamurcban.
