3226 5520
647 455 958 524 COLUHBAE.
1327 476 1387 544 ¹3⁵

221 665 1391 749 inunqummmilledumvatdeerstotidorererurer

221 769 1391 854 animru¹Sanetusadeumloeutusbotproiatnrmodo=Sdbn

223 875 418 950 Bmidmt„
425 875 520 951 ¹51⁰,
530 875 648 958 quiesi
659 874 740 938 mihi
755 875 841 938 banc
852 877 1061 958 peregrinam
1073 876 1211 941 bbenre
1221 878 1389 961 apum

222 979 585 1062 noluerisprinsquam
607 980 651 1042 de
672 979 735 1042 bac
757 990 902 1043 revertar
923 981 1214 1062 provinciacitius
1233 983 1390 1047 morieris

223 1083 626 1148 EtbrrcoeramBrudco
645 1084 1389 1169 regedioensdomumegressusregiarund

224 1187 351 1255 Neam
365 1188 458 1252 venit
471 1186 620 1264 fluvium,
633 1188 677 1250 de
690 1207 760 1270 quo
772 1188 926 1252 videlicet
948 1187 1050 1254 fluvio
1071 1189 1218 1272 lapidem
1232 1191 1390 1256 attollens

222 1292 415 1367 candidum,
432 1292 476 1354 ad
498 1291 657 1353 comites:
680 1289 828 1372 Signate,
850 1291 906 1365 ait,
921 1292 1009 1354 hunc
1031 1293 1212 1357 candidum
1234 1293 1390 1377 lapidem,

222 1415 403 1480 perquem
426 1395 593 1458 Dominus
614 1396 648 1456 in
671 1395 735 1457 hoc
756 1395 873 1477 gentili
895 1391 1021 1478 populo
1043 1397 1165 1460 multas
1187 1410 1388 1480 aegrotorum

222 1499 371 1584 perficiet
384 1500 552 1563 sanitates
598 1499 645 1562 Et
654 1498 718 1562 hoc
730 1497 850 1562 effatus
860 1499 998 1563 verbum
1013 1513 1254 1584 consequenter
1269 1503 1390 1581 intulit,

224 1604 400 1687 inquiens:
415 1602 515 1666 Nunc
531 1601 736 1665 Broicbanus
751 1600 879 1665 sortiter
896 1621 1076 1667 concursus
1087 1614 1147 1681 est,
1162 1622 1240 1667 narn
1251 1604 1391 1687 angelus

222 1709 266 1773 de
280 1708 368 1772 orzio
382 1707 511 1783 missus,
521 1706 665 1789 graviter
680 1705 772 1769 illum
787 1706 984 1788 percutiens,
994 1707 1133 1770 vitream
1145 1707 1178 1770 in
1192 1727 1292 1772 manu
1308 1708 1390 1793 ejus

112 1880 119 1891 Ι
223 1813 267 1877 de
280 1832 349 1895 qua
362 1811 508 1888 bibebat,
522 1809 686 1894 confregit
707 1810 740 1873 in
757 1808 863 1873 multa
884 1809 1032 1874 hiberam
1049 1809 1235 1893 fragmenta
1250 1835 1258 1892 ;
1280 1812 1389 1896 ipsum

223 1937 303 1980 vero
317 1915 530 1980 anhelantem
546 1935 636 1997 aegra
647 1915 780 1998 reliquit
794 1915 943 1997 suspiria,
955 1916 1053 1979 morti
1068 1915 1220 1980 vicinum
1269 1915 1344 1980 Hoc
1356 1917 1389 1981 in

223 2019 299 2085 loco
312 2018 485 2102 paululum
499 2027 717 2100 expectemus
731 2018 829 2082 binos
843 2018 929 2101 regis
945 2019 1092 2096 nuncios,
1106 2019 1150 2084 ad
1167 2037 1229 2083 nos
1242 2019 1392 2085 celeriter

224 2125 353 2201 missos,
364 2133 401 2188 ut
413 2122 599 2187 Broichano
610 2122 764 2188 morienti
779 2122 877 2187 citius
888 2121 1137 2189 subveniamus:
1152 2141 1241 2188 nunc
1256 2121 1392 2188 Bmicb·

222 2249 316 2306 anus,
331 2227 585 2292 formidabiliter
605 2236 784 2310 correptus,
805 2226 997 2292 ancillulam
1020 2226 1159 2293 liberare
1180 2238 1233 2292 est
1247 2237 1390 2310 paratus

226 2333 349 2398 Adhuc
371 2331 499 2397 Sancto
520 2331 593 2396 haec
615 2331 772 2414 loquente
794 2332 904 2410 verba,
918 2351 1005 2410 ecce,
1026 2332 1112 2397 sicut
1133 2331 1301 2416 praedixit,
1323 2331 1394 2397 duo

223 2457 245 2502 a
253 2458 331 2519 rege
342 2437 433 2503 missi
444 2435 573 2520 equites
583 2436 774 2513 adveniunt,
782 2436 962 2519 omniaque
973 2456 1049 2518 quae
1061 2437 1095 2500 in
1108 2436 1194 2520 regis
1207 2435 1392 2501 munitione

224 2542 268 2607 de
290 2539 485 2618 Broicbano,
503 2539 605 2623 juxta
626 2538 742 2606 Sancti
757 2540 960 2615 vaticinium,
977 2549 1056 2604 sunt
1076 2550 1161 2618 acta,
1175 2551 1391 2620 enarrantes;

224 2655 259 2711 et
273 2646 316 2710 de
332 2644 442 2728 poculi
455 2643 690 2722 confractione,
703 2654 738 2709 et
753 2644 796 2709 de
811 2644 901 2728 magi
916 2644 1131 2728 correptione,
1146 2654 1180 2709 et
1196 2645 1239 2708 de
1254 2644 1392 2708 servulae

225 2759 342 2834 parata
363 2748 593 2828 absolutione;
615 2748 743 2832 hocque
767 2748 957 2826 intulerunt,
974 2749 1141 2813 dicentes:
1166 2747 1243 2813 Rex
1265 2758 1300 2814 et
1319 2747 1392 2833 ejus

224 2853 403 2919 familiares
419 2873 480 2917 nos
501 2853 544 2918 ad
560 2861 594 2916 te
616 2853 786 2930 miserunt,
800 2863 838 2918 ut
857 2853 998 2918 nutricio
1019 2852 1091 2936 eius
1114 2851 1302 2917 Broicbano
1316 2851 1392 2917 sub-

225 2958 348 3036 venias,
384 2977 468 3023 mox
504 2957 671 3021 morituro
717 2955 849 3041 Quibus
884 2956 1007 3022 auditis
1044 2956 1230 3039 legatorum
1274 2955 1392 3034 verbis,

227 3061 371 3128 Sanctus
387 3061 483 3126 binos
504 3061 548 3125 de
562 3061 722 3124 comitum
746 3080 885 3124 numero
899 3062 941 3124 ad
966 3079 1088 3143 regern,
1103 3079 1179 3124 curn
1196 3059 1307 3143 lapide
1321 3080 1342 3125 a
1357 3079 1393 3125 se

226 3166 412 3246 benedicto,
427 3165 539 3244 mittit,
554 3165 689 3229 dicens:
710 3164 747 3231 Si
759 3165 792 3230 in
806 3165 920 3248 primis
932 3164 1120 3248 promiserit
1133 3183 1169 3228 se
1186 3163 1391 3230 Bmichanur

226 3269 385 3336 famulam
420 3269 644 3349 liberaturum,
666 3279 737 3334 tum
760 3269 882 3334 deinde
915 3269 968 3334 hic
993 3268 1125 3353 lapillus
1147 3267 1332 3353 intingatur
1357 3268 1391 3334 in

226 3395 322 3459 aqua,
336 3382 372 3440 et
389 3373 437 3438 sic
459 3375 502 3439 de
523 3390 566 3438 eo
587 3373 689 3452 bibat,
709 3383 745 3439 et
766 3373 926 3438 continuo
947 3373 1089 3439 salutem
1114 3372 1342 3457 recuperabit:
1364 3372 1392 3439 si

226 3500 305 3545 vero
320 3479 464 3543 renuerit
478 3477 647 3562 refragans
662 3478 789 3543 absolvi
805 3498 944 3556 servam,
959 3479 1072 3544 statim
1089 3477 1253 3543 morietur.

271 3584 350 3649 Duo
372 3583 473 3661 missi,
494 3582 596 3647 verbo
620 3582 735 3649 Sancti
759 3583 989 3666 obsequentes,
1011 3583 1055 3648 ad
1079 3581 1191 3647 aularn
1213 3581 1393 3648 deveniunt

226 3688 361 3773 regiam,
369 3688 470 3752 verba
481 3687 540 3751 viri
554 3687 1037 3772 venerabilisregienarrantes
1065 3686 1196 3772 Quibus
1208 3685 1394 3752 intimatis·

227 3794 296 3877 regi
311 3802 346 3858 et
371 3791 511 3856 nutricio
532 3791 604 3874 ejus
628 3791 824 3869 Broichano,
837 3790 935 3858 valde
956 3799 1186 3876 expaverunt:
1209 3791 1394 3874 eademque

227 3897 309 3964 hora
323 3897 463 3961 liberata
477 3894 602 3961 famula
616 3895 722 3960 sancti
739 3896 857 3979 legatis
871 3896 931 3961 viri
946 3896 1142 3980 assignatur,
1158 3893 1242 3979 lapis
1257 3895 1290 3959 in
1306 3913 1393 3978 aqua

227 4001 409 4085 intingitur,
419 4000 607 4084 mirumque
621 3999 655 4063 in
672 4000 819 4079 modurn,
830 4008 947 4065 contra
962 4009 1124 4077 naturam,
1136 3999 1237 4064 lithus
1252 3998 1285 4064 in
1298 4000 1393 4081 aquis

227 4114 429 4190 supernatat,
444 4104 538 4186 quasi
554 4123 702 4188 pomum,
716 4103 768 4168 vel
785 4125 865 4183 nux,
882 4124 942 4169 nec
953 4103 1064 4189 potuit
1075 4102 1181 4168 sancti
1206 4102 1393 4169 benedictio

227 4211 287 4274 viri
299 4210 474 4292 submergi.
507 4209 560 4272 De
571 4228 638 4292 quo
651 4208 854 4273 Broichanus
866 4218 1003 4273 natante
1015 4208 1132 4273 bibens
1147 4207 1266 4290 lapide,
1278 4207 1391 4272 statim

227 4335 247 4379 a
262 4314 369 4379 vicina
394 4313 492 4378 rediit
506 4322 622 4390 morte,
637 4313 867 4396 integramque
888 4313 996 4377 carnis
1020 4311 1224 4395 recuperavit
1242 4310 1391 4376 salutern.

261 4530 269 4557 ι
285 4515 317 4565 Α.
332 4514 396 4565 uuo
407 4512 480 4564 rrlde
492 4520 516 4563 et
528 4511 623 4564 sortiter
634 4519 775 4575 retentaret,
791 4512 820 4564 B.

260 4597 318 4651 ιΑ.
333 4595 433 4663 nudllls,
447 4596 477 4648 Β.
