3226 5520
646 473 959 544 couuusAE.
1327 477 1390 560 169

219 682 296 750 forti
312 682 473 750 feriebant
488 703 689 769 percussura,
704 693 741 750 ut
757 684 930 769 pelliceum
953 693 1078 750 tectum
1095 683 1188 749 navis
1203 683 1389 769 penetrales

220 798 414 875 putarentur
443 798 615 874 penetrare
645 809 750 872 posse.
800 787 896 872 Quae‚
918 798 956 853 ut
977 788 1011 852 hi
1034 787 1090 871 qui
1114 788 1242 854 inerant
1264 789 1388 854 ibidem

220 905 336 981 postea
360 904 540 974 narrarunt,
563 913 666 978 prope
692 893 958 977 magnitudinem
984 912 1149 971 ranarum,
1172 892 1294 958 aculeis
1315 913 1388 977 per-

220 999 377 1074 molestae,
408 1018 474 1062 non
510 1007 622 1063 tamen
652 997 802 1062 volatiles
832 999 889 1061 sed
922 997 1084 1076 natatiles,
1114 1006 1229 1076 erant;
1266 999 1324 1063 sed
1355 1007 1389 1063 et

219 1124 384 1169 remorum
415 1101 617 1169 infestabant
647 1101 817 1187 palmulas.
878 1102 1009 1188 Quibus
1038 1101 1125 1179 visiS,
1155 1103 1239 1166 inter
1268 1112 1389 1166 caetera

220 1218 376 1287 monstra,
391 1228 467 1290 quae
482 1227 548 1272 non
564 1207 663 1290 hujus
684 1215 736 1271 est
757 1207 917 1290 temporis
940 1226 1080 1285 narrare,
1107 1207 1287 1274 Cormacus
1311 1227 1387 1271 cum

220 1313 330 1379 nautis
351 1312 537 1391 comitibus,
559 1311 657 1376 valde
683 1312 806 1376 turbati
829 1320 864 1376 et
889 1312 1168 1395 pertimescentes,
1188 1312 1310 1390 Deum,
1331 1313 1388 1396 qui

219 1426 270 1481 est
300 1417 333 1480 in
375 1415 537 1500 angustiis
566 1415 641 1499 pius
681 1424 716 1480 et
752 1424 937 1499 oportunus
966 1415 1153 1495 auxiliator,
1191 1413 1390 1500 illacrymati

219 1530 403 1605 precantur.

264 1625 392 1690 Eadem
416 1623 498 1690 hora
522 1631 557 1689 et
582 1632 716 1690 sanctus
742 1633 853 1689 noster
875 1622 1050 1703 Columba,
1080 1624 1264 1709 quamlibet
1290 1622 1389 1710 longe

219 1728 339 1795 absens
361 1748 507 1812 corpore,
526 1727 642 1811 spiritu
665 1738 778 1793 tamen
801 1745 947 1811 praesens
970 1727 1003 1791 in
1027 1729 1102 1793 navi
1125 1748 1201 1792 cum
1225 1728 1390 1795 Cormaco

219 1843 299 1899 erat
345 1832 455 1911 Unde,
481 1833 600 1898 eodem
631 1840 810 1911 moment0,
840 1840 1040 1917 personante
1069 1833 1173 1917 signo,
1200 1831 1315 1899 iratres
1345 1834 1388 1899 ad

219 1938 399 2003 oratorium
431 1955 626 2016 convocans,
667 1947 700 2002 et
741 1936 914 2002 ecclesiam
945 1937 1080 2015 intrans,
1110 1937 1303 2018 astantibus,
1333 1939 1390 2017 sic,

221 2061 312 2106 more
324 2041 387 2106 sibi
404 2049 572 2120 consueto,
586 2040 822 2126 prophetizans
837 2040 994 2125 profatur,
1009 2042 1142 2107 dicens:
1166 2041 1306 2120 Fratres,
1318 2050 1389 2107 tota

221 2146 405 2211 intentione
426 2165 487 2229 pro
507 2144 671 2211 Cormaco
692 2155 794 2223 orate,
809 2146 865 2229 qui
889 2165 977 2210 nunc
999 2146 1154 2210 humanae
1176 2145 1389 2211 discursionis

220 2249 369 2330 limitem,
384 2251 603 2315 immoderate
627 2251 823 2334 navigando,
838 2251 990 2329 excessit,
1006 2270 1093 2315 nunc
1109 2251 1271 2333 quasdam
1295 2270 1388 2315 mon·

219 2366 374 2434 struosas,
393 2364 472 2419 ante
497 2375 565 2419 non
587 2357 667 2434 visa,
689 2364 724 2420 et
750 2375 835 2438 pene
858 2355 1051 2434 indicibiles,
1073 2355 1198 2437 patitur
1220 2353 1389 2420 horrificas

219 2459 492 2544 perturbationes
554 2458 673 2542 ltaque
710 2460 831 2523 nostris
868 2458 1147 2524 commembribus
1177 2457 1210 2522 in
1242 2458 1390 2543 periculo

219 2561 418 2629 intolerabili
446 2562 637 2629 constitutis
666 2576 778 2631 mente
808 2564 954 2648 compati
981 2563 1141 2631 debemus
1167 2562 1330 2645 iratribus,
1355 2574 1391 2632 et

220 2667 404 2735 Dominum
425 2687 564 2734 exorare
583 2669 729 2735 cumeis
776 2669 864 2734 Ecce
886 2669 975 2734 enim
999 2688 1086 2734 nunc
1109 2669 1290 2737 Cormacus
1312 2690 1388 2736 cum

220 2772 288 2838 suis
317 2772 436 2852 nautis,
466 2772 584 2839 faciem
611 2773 766 2858 lacrymis
792 2774 934 2839 ubertim
965 2774 1112 2858 irrigans,
1144 2773 1313 2841 Christum
1340 2775 1388 2840 in-

220 2877 344 2943 tentius
370 2887 542 2963 precatur;
564 2886 599 2943 et
614 2898 675 2943 nos
689 2880 799 2963 ipsum
814 2880 941 2944 orando
961 2878 1165 2963 adjuvemus,
1188 2888 1226 2944 ut
1240 2887 1388 2945 austrum

220 2980 356 3048 flantem
385 2992 523 3048 ventum
553 3003 657 3067 usque
686 2983 786 3049 hodie
815 3004 874 3067 per
902 2982 1153 3067 quatuordecim
1183 2983 1263 3061 dies,
1287 2983 1389 3048 nostri

221 3087 403 3166 miseratus,
429 3087 463 3152 in
490 3087 679 3171 aquilonem
706 3096 900 3168 convertat;
933 3086 989 3171 qui
1016 3085 1169 3152 videlicet
1194 3087 1389 3171 aquiloneus

219 3199 338 3257 ventus
360 3211 479 3256 navem
503 3191 655 3259 Cormaci
682 3193 724 3258 de
745 3190 899 3277 periculis
920 3191 1073 3259 retrahat
1119 3191 1166 3256 Et
1180 3191 1252 3256 haec
1267 3192 1391 3273 dicens,

222 3294 323 3362 flebili
345 3316 421 3361 cum
444 3317 534 3376 voce,
555 3297 652 3363 flexis
674 3298 814 3381 genibus
836 3305 915 3362 ante
934 3295 1096 3374 altarium,
1111 3296 1389 3379 omnipotentiam

222 3399 288 3465 Dei
313 3407 488 3464 ventorum
514 3408 548 3465 et
574 3408 768 3464 cunctarum
797 3398 1061 3484 gubernatricem
1094 3406 1246 3481 precatur
1272 3418 1389 3463 rerum.

224 3503 269 3569 Et
283 3512 360 3588 post
370 3504 554 3568 orationem
567 3503 634 3569 cito
645 3505 758 3589 surgit,
770 3514 804 3570 et
819 3504 1012 3587 abstergens
1024 3502 1197 3586 lacrymas,
1207 3504 1391 3586 gaudenter

220 3617 331 3692 grates
354 3608 429 3672 Deo
451 3608 530 3692 agit,
545 3609 679 3674 dicens:
707 3609 815 3687 Nunc,
830 3609 955 3686 iratres,
971 3607 1091 3673 nostris
1113 3605 1390 3691 congratulemur,

220 3732 280 3796 pro
291 3710 412 3793 quibus
423 3732 565 3790 oramus,
576 3712 676 3792 caris;
692 3713 770 3796 quia
782 3712 948 3776 Dominus
957 3720 1105 3776 austrum
1119 3729 1206 3774 nunc
1219 3710 1250 3773 in
1264 3710 1390 3793 aquilo·

222 3835 337 3880 narem
349 3825 519 3881 convertet
532 3816 657 3895 ilatum,
669 3826 799 3882 nostros
813 3818 857 3882 de
872 3814 1025 3900 periculis
1037 3813 1279 3879 commembres
1291 3824 1391 3879 retra·

221 3918 367 3999 hentem,
381 3939 466 4004 quos
477 3920 541 3985 huc
553 3922 596 3985 ad
608 3940 669 3987 nos
681 3922 799 3988 iterum
812 3922 954 3986 reducet
991 3920 1035 3985 Et
1051 3918 1211 3985 continuo
1226 3938 1302 3983 cum
1318 3918 1390 4001 ejus

220 4045 302 4089 voce
317 4033 429 4089 auster
444 4026 584 4090 cessavit
599 4036 726 4105 ventus,
741 4036 776 4092 et
791 4026 963 4109 inspiravit
983 4023 1178 4108 aquiloneus
1193 4044 1252 4106 per
1267 4022 1390 4086 multos

221 4129 314 4195 dies:
336 4138 369 4194 et
400 4129 493 4193 navis
523 4130 676 4196 Cormaci
706 4133 747 4196 ad
779 4140 882 4194 terras
912 4130 1046 4194 redacta
1068 4138 1125 4194 est
1173 4128 1219 4192 Et
1240 4127 1390 4210 pervenit

222 4233 404 4299 Cormacus
426 4233 469 4298 ad
493 4244 644 4299 sanctum
668 4235 877 4314 Columbam,
899 4243 933 4300 et
956 4253 1001 4312 se,
1021 4233 1170 4297 donante
1196 4230 1280 4310 Deo,
1306 4230 1390 4296 iacie

221 4339 265 4402 ad
296 4337 422 4416 faciem,
453 4358 529 4403 cum
568 4340 693 4423 ingenti
731 4340 881 4406 omnium
914 4337 1135 4405 admiratione
1164 4335 1325 4413 viderant,
1355 4342 1390 4399 et

221 4462 288 4506 non
313 4442 470 4507 mediocri
494 4442 670 4508 laetatione
732 4444 919 4527 Perpendat
942 4445 1054 4527 itaque
1071 4440 1173 4506 lector
1193 4450 1338 4523 quantus
1354 4450 1391 4505 et

221 4546 328 4629 qualis
340 4547 429 4611 idem
442 4547 491 4611 vir
503 4548 628 4625 beatus,
639 4549 695 4632 qui
712 4547 813 4613 talem
825 4547 1054 4631 propheticam
1066 4543 1192 4610 habens
1207 4543 1390 4622 scientiam,

221 4652 329 4721 ventis
343 4661 378 4720 et
392 4671 528 4732 oceano,
543 4650 667 4720 Christi
683 4653 838 4722 invocato
852 4651 998 4734 nomine,
1012 4650 1123 4738 potuit
1140 4649 1309 4738 imperare
