3226 5520
221 459 261 526 32
734 443 881 510 VITA

218 647 286 726 bat,
301 658 335 714 et
351 648 498 714 moribus
513 648 715 714 informabat
730 670 738 727 ;
752 648 842 726 vitia,
856 648 976 733 quibus
992 668 1031 711 ea
1043 657 1125 712 aetas
1137 646 1285 732 inplicari
1296 646 1393 726 solet,

219 751 341 817 salubri
364 752 539 836 disciplina
555 772 730 831 coercens;
753 753 891 817 virtutes
914 752 1034 835 quibus
1049 751 1157 816 sobrie
1175 751 1264 835 juste
1279 761 1313 817 et
1335 751 1392 835 pie

218 856 366 921 viverent
383 858 560 922 insinuans.
608 857 803 940 Deliquerat
815 857 995 940 aliquando
1011 877 1096 921 unus
1112 877 1156 919 ex
1173 854 1391 920 adolescenti·

218 959 289 1036 bus,
305 961 394 1043 quod
411 971 564 1024 sanctum
582 960 646 1023 Dei
670 960 772 1023 latere
790 980 856 1023 non
872 960 989 1043 potuit.
1036 960 1082 1024 Et
1097 961 1176 1044 quia
1192 980 1258 1023 non
1273 959 1392 1025 debuit

218 1063 392 1145 disciplina
419 1064 534 1127 deesse
557 1064 718 1147 peccanti,
740 1065 943 1148 parabantur
969 1065 1079 1147 virgae,
1103 1065 1296 1142 saevissima,
1321 1074 1390 1128 tor·

220 1177 334 1230 menta
358 1186 542 1250 puerorum.
588 1167 737 1231 Territus
760 1167 951 1231 adolescens
974 1167 1087 1250 sugam
1109 1168 1189 1233 iniit.
1235 1168 1307 1232 Nec
1326 1168 1390 1231 vir·

220 1279 326 1334 tutem
342 1271 402 1334 viri
419 1271 583 1354 ignorans,
598 1271 753 1335 baculum
769 1272 820 1336 cui
834 1271 962 1335 solebat
979 1272 1074 1335 inniti
1090 1292 1203 1335 secum
1219 1282 1391 1356 asportare

219 1375 366 1453 curabat,
382 1377 546 1458 optimum
571 1375 632 1439 sibi
648 1377 710 1439 viae
726 1376 881 1439 solatium
898 1377 1061 1439 arbitrans
1077 1377 1271 1459 adquisisse,
1286 1376 1312 1439 si
1329 1376 1389 1439 ali·

217 1479 297 1562 quid
314 1480 356 1543 de
378 1480 474 1542 rebus
498 1479 612 1544 Sancti
632 1500 743 1544 secum
760 1480 933 1544 attulisset.
981 1481 1127 1563 Fugiens
1143 1481 1254 1564 itaque
1269 1501 1290 1544 a
1305 1478 1390 1543 facie

217 1581 287 1658 viri,
307 1602 424 1646 navem
451 1602 527 1665 quae
555 1583 781 1646 transfretaret
808 1584 840 1646 in
865 1583 1013 1648 Scotiam
1040 1584 1246 1666 quaeritabat
1293 1582 1390 1649 Solet

219 1684 282 1749 illis
307 1686 340 1749 in
366 1687 446 1749 locis
468 1707 526 1749 vas
551 1688 731 1771 quoddam,
747 1687 779 1750 in
803 1688 1053 1751 similitudinem
1077 1698 1212 1752 craterae
1227 1709 1271 1752 ex
1287 1687 1389 1769 virgis

218 1789 385 1872 conpingi,
410 1800 513 1853 tantae
537 1790 785 1874 magnitudinis,
808 1801 846 1855 ut
872 1791 1027 1855 sedentes
1050 1790 1152 1874 juxta
1175 1812 1211 1855 se
1237 1800 1306 1855 tres
1328 1790 1390 1855 ho·

219 1893 325 1957 mines
346 1914 464 1977 capere
486 1893 671 1960 sufficiant.¹
723 1894 785 1960 Cui
808 1895 933 1959 corium
953 1894 1111 1960 bovinum
1130 1897 1389 1978 superducentes

218 2017 285 2061 non
298 1998 405 2062 solum
419 1998 572 2075 nabilem,
582 1999 639 2063 sed
653 2009 687 2063 et
698 1999 793 2083 aquis
809 1999 1091 2083 inpenetrabilem,
1107 2000 1259 2064 reddunt.
1288 2000 1388 2064 Forte

219 2111 299 2166 tunc
316 2102 475 2186 temporis
491 2105 609 2167 eodem
627 2105 728 2168 modo
744 2123 844 2167 naves
864 2104 1023 2167 inmensae
1039 2103 1277 2187 magnitudinis
1293 2123 1388 2186 para-

219 2205 348 2269 bantur.
388 2206 501 2271 Unam
515 2208 626 2289 itaque
639 2206 739 2271 talem
754 2227 819 2270 non
833 2216 946 2271 tamen
959 2208 1063 2271 corrio
1075 2207 1318 2290 superductam,
1329 2227 1387 2290 ap·

218 2311 348 2393 pulsam
365 2311 451 2375 litori
467 2312 661 2375 adolescens
676 2309 823 2375 offendit.
872 2310 983 2394 Quam
1000 2331 1076 2375 cum
1093 2311 1257 2375 incautius
1273 2309 1388 2375 suisset

218 2411 394 2494 ingressus,
410 2412 523 2476 divina
549 2414 768 2496 providentia,
785 2415 895 2477 nescio
920 2434 962 2477 an
988 2413 1121 2498 propria
1140 2413 1284 2490 lenitate,
1300 2412 1387 2476 sacili

220 2515 309 2578 enirn
333 2525 424 2581 tactu
448 2517 531 2580 tales
554 2538 653 2601 super
674 2518 783 2582 undas
800 2517 930 2599 longius
953 2516 1097 2594 evolant,
1112 2536 1211 2599 porro
1235 2516 1269 2578 in
1296 2534 1388 2579 mare

220 2619 312 2682 navis
327 2619 494 2703 abripitur.
541 2619 650 2704 Aquis
668 2641 746 2684 vero
770 2620 967 2684 irruentibus
983 2629 1049 2683 stat
1066 2629 1168 2684 nauta
1183 2617 1388 2695 miserabilis,

218 2724 298 2806 quid
337 2734 459 2807 ageret,
488 2744 556 2807 quo
592 2745 628 2789 se
665 2734 816 2803 verteret,
845 2723 897 2788 vel
934 2724 1014 2808 quid
1054 2722 1143 2788 sacto
1179 2743 1263 2806 opus
1300 2730 1387 2786 esset

219 2826 382 2909 ignorans
460 2827 497 2895 Si
535 2848 653 2893 navem
692 2829 856 2893 desereret
894 2828 961 2892 vita
1007 2828 1265 2911 periclitaretur3
1310 2827 1387 2890 resi·

218 2932 353 2995 dentem
392 2952 480 2996 mors
517 2942 608 2997 certa
646 2933 810 2997 manebat.
876 2932 973 2997 Tunc
1002 2933 1139 2997 demum
1170 2932 1269 2995 miser
1298 2929 1387 3015 sugae

219 3035 385 3118 poenitens
401 3035 532 3100 ultrices
548 3045 696 3119 paternae
713 3035 840 3119 injuriae
863 3038 990 3100 undas¹
1013 3035 1106 3100 vultu
1132 3035 1277 3119 pallente
1294 3054 1387 3117 spec-

218 3139 319 3202 tabat
365 3140 518 3204 Tandem
543 3141 576 3204 in
599 3161 635 3204 se
658 3161 816 3217 reversus,
831 3149 865 3204 et
888 3139 1049 3206 Sanctum
1069 3139 1249 3202 Ninianum
1273 3137 1306 3201 in
1326 3157 1386 3202 suo

219 3241 339 3305 baculo
354 3242 518 3305 arbitrans
534 3263 607 3306 esse
623 3253 832 3326 praesentem,
846 3244 941 3327 quasi
957 3252 1035 3306 ante
1051 3242 1123 3326 ejus
1137 3243 1278 3325 vestigia
1294 3240 1388 3305 lacri-

219 3345 332 3409 mabili
356 3366 438 3409 voce
462 3345 638 3410 confitetur
661 3357 798 3421 reatum,
814 3348 944 3410 veniam
967 3347 1125 3430 postulat,
1140 3347 1277 3430 ejusque
1291 3366 1387 3409 sanc·

219 3449 354 3512 tissimis
392 3449 526 3527 meritis,
555 3450 671 3514 adesse
701 3449 764 3514 sibi
803 3451 952 3514 divinum
982 3451 1178 3534 precabatur
1214 3451 1385 3514 auxilium.

219 3551 350 3616 Deinde
365 3554 407 3616 de
424 3566 503 3617 nota
519 3554 580 3616 sibi
598 3553 763 3639 pontificis
778 3556 912 3637 pietate,
926 3556 1023 3618 simul
1040 3576 1079 3619 ac
1094 3555 1216 3618 virtute
1232 3553 1386 3630 confisus,

218 3656 252 3719 in
268 3677 335 3720 uno
359 3657 556 3721 foraminum
581 3657 735 3722 baculum
752 3657 837 3736 fixit,
853 3669 889 3723 ut
912 3660 1013 3723 etiarn
1030 3659 1063 3722 in
1080 3660 1161 3723 mari
1177 3659 1256 3742 quid
1273 3667 1386 3741 posset

252 3960 262 3987 ¹
277 3947 377 3998 Similes
388 3948 509 3999 naviculas
521 3949 547 3999 in
556 3965 600 3999 usu
609 3949 683 4009 luere,
697 3957 722 3999 et
734 3958 798 4008 sunt,
811 3949 877 3999 inter
888 3965 974 3999 omnes
986 3949 1037 4000 lere
1048 3957 1136 4012 gentes
1146 3948 1296 3998 barbaricas.
1320 3947 1386 3998 Vide

218 4029 283 4080 Plin.
300 4031 366 4081 llist.
383 4031 453 4090 Nat,
476 4031 520 4081 lib.
539 4030 584 4089 iu,
597 4047 620 4082 c.
642 4031 678 4081 16.
715 4032 793 4082 Sotira
810 4032 887 4081 Prisci
908 4032 1007 4097 Legat..
1021 4032 1076 4091 dre..
1096 4040 1122 4081 et
1138 4031 1295 4095 navigatores
1315 4030 1386 4079 hodi·

217 4113 481 4163 ernas-Pinkrrton.
525 4113 650 4177 “Cymric
669 4113 777 4174 Britons,
796 4114 891 4178 though
912 4115 970 4179 they
990 4114 1056 4166 lived
1074 4129 1108 4163 on
1127 4129 1160 4163 au
1178 4113 1267 4172 island,
1286 4112 1335 4162 had
1354 4128 1388 4161 no

217 4191 291 4242 boats
302 4208 330 4242 or
342 4193 439 4252 vessels,
453 4201 541 4258 except
552 4194 669 4253 ooracles,
684 4194 779 4244 lramed
796 4194 824 4243 ol
838 4194 913 4259 slight
926 4195 976 4245 ribs
986 4195 1016 4244 ol
1030 4195 1102 4245 wood
1114 4195 1220 4244 covered
1233 4193 1292 4242 with
1304 4193 1384 4242 hides.

218 4273 301 4324 These
312 4273 367 4324 lrail
381 4275 452 4324 boats
463 4290 505 4325 are
516 4275 567 4325 still
579 4276 639 4325 used
652 4275 685 4341 by
696 4277 738 4326 the
750 4275 837 4326 Welsh
851 4275 983 4328 fishermeu
995 4293 1028 4327 on
1040 4278 1082 4328 the
1094 4278 1176 4341 Wye3
1193 4277 1243 4326 and
1255 4275 1274 4325 it
1286 4291 1343 4339 may
1355 4275 1387 4325 be

217 4356 348 4406 remarlred
361 4355 415 4406 that
427 4356 470 4406 the
481 4356 563 4407 Celtic
574 4357 650 4407 tribes
667 4357 693 4407 in
709 4358 809 4423 general
827 4357 891 4409 have
910 4374 986 4409 never
1003 4360 1078 4409 taken
1096 4367 1123 4409 to
1140 4360 1182 4409 the
1193 4374 1243 4415 sea,
1259 4357 1332 4407 while
1344 4357 1387 4407 the

217 4436 329 4486 Teutone
340 4452 406 4487 seenr
418 4437 510 4501 always
522 4447 549 4487 to
567 4438 630 4488 have
642 4439 748 4504 enjoyed
761 4438 803 4489 the
814 4438 910 4505 danger
925 4438 954 4490 ol
968 4438 1011 4490 the
1028 4438 1296 4504 ocean.”—Palgrave‚
1310 4437 1382 4488 Hr'st

216 4515 293 4581 astte
303 4517 504 4584 Angla-Smne,
517 4533 546 4585 p.
556 4531 580 4580 4.
