3226 5520
229 490 288 557 188
501 487 646 556 VITA
688 484 992 552 ll.-LIBER
1032 483 1117 550 111.

226 703 328 778 parte,
365 693 651 778 eleemosynarum
688 692 842 777 operibus
880 690 961 755 satis
1002 688 1160 769 intentus,
1195 697 1234 754 et
1259 687 1408 754 caeteris

222 800 361 884 justitiae
383 799 512 863 actibus
534 798 658 882 plenus
706 797 781 875 Hic,
796 817 871 861 curn
895 798 937 860 ad
961 804 1113 859 extrema
1128 794 1163 859 in
1178 795 1272 859 bona
1287 814 1407 859 senec·

226 912 298 967 tute
320 903 561 987 perduceretur,
584 921 684 983 supra
706 909 909 964 memoratus
933 898 1116 965 Columbus
1139 899 1405 982 cognominabis

227 1007 435 1089 Coilriginus,
458 1006 574 1068 eadem
598 1004 680 1068 hora
701 1024 767 1085 qua
791 1005 834 1067 de
858 1023 994 1084 corpore
1018 1004 1158 1068 eductus
1180 1011 1241 1079 est,
1263 1013 1404 1067 sanctus

226 1110 390 1177 Columba
421 1110 453 1172 in
487 1108 569 1172 Iona
598 1127 813 1171 commanens
843 1106 959 1184 insula,
988 1106 1102 1188 paucis
1131 1106 1339 1190 quibusdam
1366 1127 1403 1170 se

224 1213 521 1290 circumstantibus,
537 1213 583 1276 sic
599 1211 756 1295 profatus,
771 1210 953 1275 senioribus
968 1234 975 1275 :
991 1210 1175 1277 Columbus
1186 1210 1402 1295 Coilriginus,

225 1319 280 1396 ait,
306 1317 399 1382 faber
425 1317 597 1394 ferrarius,¹
620 1336 687 1380 non
713 1316 879 1380 incassum
910 1313 1082 1392 laboravit,
1108 1315 1165 1398 qui
1191 1315 1236 1380 de
1263 1315 1402 1398 propria

225 1442 385 1486 manuum
408 1421 614 1485 laboratione
635 1440 769 1486 suarum
792 1419 940 1503 praemia,
962 1439 1071 1498 emax,
1094 1417 1186 1497 felix,
1207 1419 1401 1503 comparuit

225 1537 356 1590 aeterna.
403 1526 491 1590 Ecce
506 1525 605 1604 enim,
621 1545 709 1588 nunc
731 1524 844 1588 anima
858 1522 930 1606 ejus
944 1544 965 1586 a
983 1523 1106 1587 sanctis
1120 1522 1253 1587 vehitur
1268 1523 1400 1607 angelis

224 1631 267 1696 ad
293 1630 438 1694 coelestis
463 1630 581 1713 patriae
602 1629 732 1712 gaudia
790 1627 879 1692 Nam
906 1628 1128 1711 quodcunque
1152 1627 1196 1692 de
1221 1647 1294 1691 suae
1316 1628 1400 1692 artis

223 1734 451 1818 negotiatione
490 1733 658 1816 acquirere
699 1732 818 1816 potuit,
858 1732 892 1796 in
937 1751 1118 1815 egenorum
1162 1731 1399 1816 eleemosynas

223 1838 392 1922 expendit

659 2256 862 2325 CAPUT
901 2259 951 2323 X.

221 2462 274 2529 Dc
287 2463 476 2548 angelmm
489 2462 597 2529 simili
610 2416 741 2545 oisrbne,
754 2486 833 2549 quos
855 2464 918 2531 Vir
934 2454 1058 2532 Beatus
1070 2475 1239 2550 asparem
1254 2466 1399 2554 alriujus

388 2567 462 2633 bne
475 2578 609 2634 moratoe
623 2569 762 2651 feminoe
775 2570 925 2636 animm
938 2571 988 2636 ad
997 2571 1107 2637 calum
1122 2573 1225 2654 scm.

223 2773 319 2841 Atto
333 2775 448 2842 itidem
465 2776 498 2840 in
515 2785 674 2860 tempore,
689 2776 739 2841 vir
761 2785 896 2844 sanctus
912 2777 945 2842 in
964 2778 1048 2844 lona
1062 2797 1262 2844 conversans
1277 2778 1399 2860 insula,

221 2880 367 2962 quadam
382 2880 446 2958 die,
461 2880 573 2945 subito
588 2881 702 2945 oculos
717 2881 759 2945 ad
776 2881 898 2946 coelum
919 2882 1074 2967 dirigens,
1088 2883 1161 2948 haec
1175 2883 1331 2967 profatus
1345 2896 1399 2952 est

220 2985 343 3050 verba:
369 2985 466 3049 Felix
492 2985 618 3063 mulier,
641 2984 723 3049 felix
747 2984 833 3050 bene
857 2997 994 3065 morata,
1017 2986 1111 3071 cujus
1132 2989 1282 3053 animam
1306 3010 1398 3056 nunc

222 3089 331 3171 angeli
371 3089 435 3152 Dei
474 3090 515 3152 ad
554 3090 744 3172 paradisum
775 3090 928 3156 evehunt
990 3092 1071 3156 Erat
1108 3102 1220 3157 autem
1254 3095 1396 3177 quidam

221 3194 393 3275 religiosus
407 3194 505 3257 frater
518 3195 685 3259 Genereus
699 3196 841 3271 nomine,
855 3195 957 3275 Sax0,
970 3197 1083 3280 pistor,
1094 3217 1178 3281 opus
1190 3197 1391 3280 pistorium¹

221 3318 388 3376 exercens,
414 3300 471 3380 qui
494 3298 557 3362 hoc
584 3300 734 3363 audierat
757 3301 894 3363 verbum
922 3322 966 3364 ex
991 3322 1047 3364 ore
1074 3300 1187 3366 Sancti
1215 3303 1397 3384 prolatum

222 3400 417 3483 Eademque
432 3401 486 3463 die
506 3402 636 3474 mensis,
652 3403 770 3465 eodem
795 3404 974 3467 terminato
999 3424 1095 3481 anno,
1113 3402 1257 3468 Sanctus
1282 3407 1397 3471 eidem

221 3505 377 3581 Genere0,
395 3504 543 3568 Saxoni:
569 3506 689 3568 Miram
707 3528 775 3570 rem
792 3508 897 3585 video,
913 3508 982 3585 ait;
1006 3528 1092 3584 ecce,
1108 3507 1226 3572 mulier
1249 3510 1294 3572 de
1320 3532 1399 3594 qua,

221 3614 254 3669 te
269 3618 441 3690 praesente,
457 3609 625 3690 praeterito
650 3611 800 3673 dixeram
817 3631 907 3674 anno
932 3633 1018 3675 nunc
1041 3612 1147 3675 mariti
1171 3612 1221 3675 sui
1247 3614 1399 3699 religiosi

219 3711 392 3794 cujusdam
409 3712 529 3794 plebeii
547 3713 578 3775 in
599 3733 674 3776 aere
696 3714 809 3778 obviat
825 3715 954 3791 animae,
970 3724 1004 3779 et
1027 3736 1102 3779 cum
1123 3716 1248 3779 sanctis
1263 3722 1401 3803 angelis

218 3823 335 3878 contra
354 3816 491 3879 aemulas
516 3837 576 3899 pro
600 3837 640 3879 ea
664 3818 837 3901 belligerat
860 3828 1061 3901 potestates:
1083 3840 1223 3902 quorum
1249 3823 1400 3888 admini-

219 3918 302 3996 culO,
329 3918 478 4001 ejusdem
506 3919 737 3984 homuncionis
761 3922 891 4006 justitia
917 3923 1127 4006 suffragante,
1152 3944 1172 3987 a
1196 3926 1399 3994 daemonum

218 4022 515 4105 billigerationibus
531 4035 653 4108 erepta,
669 4027 712 4090 ad
728 4038 862 4091 aeternae
881 4028 1135 4111 refrigerationis
1151 4028 1262 4094 locum
1279 4035 1401 4100 anima

218 4125 320 4208 ipsius
337 4134 387 4189 est
402 4128 569 4209 perducta.

218 4296 1395 4325 Ἣ

250 4402 260 4429 ¹
276 4393 372 4458 Colgan
384 4411 504 4460 supposes
520 4395 573 4445 bim
590 4404 617 4445 to
633 4396 697 4448 have
715 4398 779 4448 been
794 4398 836 4448 the
849 4398 939 4448 Colum
952 4399 1052 4463 Gobba,
1066 4400 1156 4452 Colum
1167 4399 1211 4451 the
1222 4401 1311 4464 smitb,
1326 4419 1400 4457 com·

215 4478 369 4527 memorated
381 4478 406 4527 in
419 4479 461 4529 tbe
473 4478 610 4530 Calendars
621 4487 647 4528 at
657 4480 722 4545 June
735 4489 758 4545 7.

247 4585 259 4618 2
273 4575 305 4626 A.
320 4573 442 4646 pistorum
455 4576 484 4628 B.
