3226 5520
217 1135 429 1211 INCIPIT
478 1134 785 1210 SECUNDUS
836 1132 1007 1208 LIBER
1060 1130 1137 1206 DE
1185 1130 1394 1207 VIRTU·

316 1272 441 1347 TUM
488 1270 813 1357 MIRACULIS,
853 1268 989 1365 QUAE
1034 1266 1392 1343 PLENISSIME

317 1404 672 1500 PLERUMQUE
732 1404 914 1478 ETIAM
979 1400 1393 1477 PRAESCIENTIA

317 1540 706 1617 PROPHETALIS
739 1538 1108 1616 COMITATUR.¹

665 2028 868 2097 CAPUT
907 2030 937 2094 1.

503 2253 646 2318 Devino
658 2252 1034 2337 quoddcaquasactum
1048 2260 1103 2317 est.

218 2455 315 2522 Auo
334 2456 368 2521 in
384 2465 543 2541 tempore,
557 2477 633 2521 cum
649 2457 698 2521 vir
711 2458 919 2521 venerandus
935 2457 969 2520 in
986 2455 1109 2533 Scotia,
1124 2455 1214 2540 apud
1229 2464 1389 2523 sanctum

219 2559 452 2625 Findbarrum²
465 2561 666 2645 episcopum,
678 2561 786 2626 adhuc
794 2561 935 2645 juvenis,
949 2560 1147 2644 sapIentiam
1159 2579 1261 2624 sacrae
1274 2559 1390 2645 Scrip-

217 2673 300 2729 turae
323 2665 506 2744 addiscens,
529 2675 763 2745 commaneret,
784 2666 930 2749 quadam
957 2664 1097 2729 solemni
1124 2664 1178 2729 die
1199 2665 1316 2729 vinum
1342 2666 1389 2731 ad

217 2766 395 2832 sacrificale
424 2770 618 2852 mysterium
645 2790 723 2834 casu
750 2769 863 2853 aliquo
892 2769 1029 2833 minIme
1059 2766 1311 2848 inveniebatur;
1344 2768 1391 2833 de

217 2871 311 2954 cujus
323 2871 455 2937 defectu
467 2893 544 2937 cum
560 2873 710 2937 ministro
721 2873 833 2937 altaris
849 2873 935 2937 inter
949 2892 985 2936 se
997 2880 1236 2956 conquerentes
1247 2871 1390 2952 audiret,

217 2976 260 3039 ad
290 2975 418 3042 sontem
449 2987 584 3062 sumpto
613 2978 721 3060 pergit
750 2996 857 3055 urceo,
886 2987 924 3042 ut
953 2976 996 3040 ad
1030 2996 1133 3040 sacrae
1166 2974 1390 3041 EucharistIae

219 3081 398 3145 ministeria
424 3103 555 3166 aquam,
578 3083 672 3165 quasi
698 3082 867 3159 diaconus,
892 3079 1067 3145 fontanum
1094 3079 1247 3144 hauriret.
1309 3079 1390 3163 Ipse

217 3186 341 3268 quippe
368 3186 432 3250 illis
454 3188 487 3250 in
508 3186 625 3250 diebus
647 3195 718 3251 erat
740 3187 774 3249 in
797 3186 992 3250 diaconatus
1014 3185 1119 3267 gradu
1143 3184 1388 3249 administrans

218 3288 280 3352 Vir
296 3289 408 3372 itaque
423 3290 540 3355 beatus
555 3290 755 3372 aquaticum,
767 3291 857 3372 quod
874 3291 916 3352 de
931 3289 1029 3353 latice
1044 3288 1163 3366 hausit,
1174 3287 1390 3365 elementum,

218 3391 373 3456 invocato
397 3394 531 3457 nomine
555 3394 693 3457 Domini
716 3393 794 3475 Jesu
818 3392 949 3471 Christi,
970 3392 1110 3457 fideliter
1132 3392 1315 3471 benedixit,
1330 3394 1389 3475 qui

219 3495 253 3558 in
270 3496 363 3561 Cana
379 3496 516 3562 GaIiIeae
531 3517 652 3580 aquam
675 3498 837 3562 convertit
860 3498 892 3559 in
914 3497 1047 3561 vinum:
1069 3517 1138 3580 quo
1155 3496 1256 3561 etiam
1272 3496 1307 3560 in
1323 3497 1389 3561 hoc

218 3610 377 3682 operante
389 3601 555 3679 miraculo,
566 3600 707 3680 inferIor,
715 3601 778 3666 hoc
788 3610 846 3680 est,
857 3602 1009 3685 aquatica
1020 3609 1145 3679 natura,
1156 3601 1189 3663 in
1199 3601 1389 3683 gratiorem,

219 3702 373 3768 videlicet
401 3704 556 3782 vinalem,
582 3725 641 3789 per
667 3724 785 3769 manus
814 3703 1034 3789 praedicabilis
1058 3704 1117 3768 viri
1148 3723 1307 3768 conversa
1336 3714 1389 3770 est

252 3959 262 3987 ¹
276 3955 333 4007 'ibe
344 3956 399 4007 title
410 3955 431 4007 is
443 3956 553 4022 wanting
568 3956 595 4007 in
606 3956 640 4008 Α.

249 4055 339 4106 ²Also
351 4055 449 4106 written
467 4056 628 4117 Feubarrum,
642 4055 790 4115 Vinnianus,
809 4055 860 4106 and
880 4055 991 4106 Finnius.
1038 4055 1122 4107 There
1140 4070 1205 4106 were
1221 4060 1273 4106 two
1289 4054 1391 4106 hmous

216 4137 306 4188 abbots
317 4139 408 4188 named
418 4138 525 4188 Finnian
538 4139 594 4189 who
607 4154 671 4189 were
682 4139 724 4189 the
736 4139 847 4188 toachers
856 4137 885 4187 ot'
894 4139 930 4189 St.
941 4137 1072 4188 Columba.
1098 4138 1156 4190 One
1166 4152 1216 4187 was
1227 4137 1271 4187 the
1282 4136 1391 4188 founder

217 4219 247 4271 oi
256 4219 403 4285 Magh-bile,
416 4236 474 4271 now
486 4221 600 4280 Moville,
614 4221 640 4270 in
653 4221 745 4281 Down,
760 4220 812 4270 ead
823 4218 851 4269 oi
860 4217 1038 4280 Druimdonn,
1052 4234 1111 4269 now
1124 4216 1238 4278 Dromin,
1253 4217 1280 4267 in
1292 4218 1388 4280 Louth,

218 4303 300 4352 where
312 4302 353 4352 the
364 4302 462 4367 dispute
473 4302 586 4352 between
597 4301 650 4351 him
663 4302 713 4351 and
725 4302 762 4352 St.
777 4300 901 4352 Columba
913 4301 1052 4366 respecting
1064 4301 1106 4351 the
1119 4301 1175 4352 MS.
1187 4300 1217 4350 os
1225 4300 1268 4351 the
1279 4302 1391 4368 Gospeis

217 4384 239 4434 is
249 4384 302 4434 said
315 4392 341 4434 to
352 4384 417 4434 have
427 4384 554 4435 occurred.
591 4384 634 4434 He
644 4383 704 4434 died
715 4383 784 4449 Sept.
801 4396 838 4443 10,
854 4392 907 4446 579.
944 4383 1000 4433 The
1016 4383 1090 4434 other
1107 4398 1158 4433 was
1178 4384 1215 4433 St.
1235 4383 1257 4431 F
1258 4383 1346 4433 innian
1363 4383 1395 4434 oi

217 4465 418 4528 Cluuia-Ereird,
428 4482 486 4518 nour
495 4466 615 4527 Clonard,
626 4464 654 4517 iu
668 4466 764 4527 Meeth,
775 4465 894 4516 aiamous
903 4464 1002 4516 teaeher
1010 4465 1040 4515 oi
1048 4464 1091 4517 the
1103 4464 1249 4532 Scriptures,
1262 4464 1321 4516 who
1329 4464 1391 4518 died

218 4550 245 4600 in
257 4559 312 4613 550.
