<?xml version="1.0" encoding="UTF-8"?>
<!DOCTYPE html PUBLIC "-//W3C//DTD XHTML 1.0 Transitional//EN"
    "http://www.w3.org/TR/xhtml1/DTD/xhtml1-transitional.dtd">
<html xmlns="http://www.w3.org/1999/xhtml" xml:lang="en" lang="en">
 <head>
  <title>
</title>
<meta http-equiv="Content-Type" content="text/html;charset=utf-8" />
  <meta name='ocr-system' content='tesseract 3.04.00' />
  <meta name='ocr-capabilities' content='ocr_page ocr_carea ocr_par ocr_line ocrx_word'/>
</head>
<body>
  <div class='ocr_page' id='page_1' title='image "./pinkertonslives00pinkgoog_0214.png"; bbox 0 0 3226 5520; ppageno 0'>
   <div class='ocr_carea' id='block_1_1' title="bbox 614 459 925 530">
    <p class='ocr_par' dir='ltr' id='par_1_1' title="bbox 614 459 925 530">
     <span class='ocr_line' id='line_1_1' title="bbox 614 459 925 530; baseline 0 0"><span class='ocrx_word' id='word_1_1' title='bbox 614 459 925 530; x_wconf 88' lang='lat' dir='ltr'><strong>COLUMBAE.</strong></span> 
     </span>
    </p>
   </div>
   <div class='ocr_carea' id='block_1_2' title="bbox 612 854 938 923">
    <p class='ocr_par' dir='ltr' id='par_1_2' title="bbox 612 854 938 923">
     <span class='ocr_line' id='line_1_2' title="bbox 612 854 938 923; baseline -0.006 -1"><span class='ocrx_word' id='word_1_2' title='bbox 612 854 773 923; x_wconf 87' lang='lat' dir='ltr'><strong>CAPUT</strong></span> <span class='ocrx_word' id='word_1_3' title='bbox 805 854 938 920; x_wconf 89' lang='lat' dir='ltr'>XXXI.</span> 
     </span>
    </p>
   </div>
   <div class='ocr_carea' id='block_1_3' title="bbox 326 1059 1210 1145">
    <p class='ocr_par' dir='ltr' id='par_1_3' title="bbox 326 1059 1210 1145">
     <span class='ocr_line' id='line_1_3' title="bbox 326 1059 1210 1145; baseline 0.002 -20"><span class='ocrx_word' id='word_1_4' title='bbox 326 1059 378 1125; x_wconf 82' lang='lat' dir='ltr'>Dc</span> <span class='ocrx_word' id='word_1_5' title='bbox 392 1059 528 1125; x_wconf 84' lang='lat' dir='ltr'>Finteni</span> <span class='ocrx_word' id='word_1_6' title='bbox 539 1059 614 1145; x_wconf 83' lang='lat' dir='ltr'>filii</span> <span class='ocrx_word' id='word_1_7' title='bbox 627 1059 658 1124; x_wconf 87' lang='grc' dir='ltr'><em>Α</em></span> <span class='ocrx_word' id='word_1_8' title='bbox 663 1059 716 1124; x_wconf 82' lang='lat' dir='ltr'>ido</span> <span class='ocrx_word' id='word_1_9' title='bbox 731 1059 766 1124; x_wconf 89' lang='lat' dir='ltr'>in</span> <span class='ocrx_word' id='word_1_10' title='bbox 780 1060 932 1126; x_wconf 77' lang='lat' dir='ltr'><em>extremis</em></span> <span class='ocrx_word' id='word_1_11' title='bbox 948 1059 1052 1145; x_wconf 80' lang='lat' dir='ltr'>positi</span> <span class='ocrx_word' id='word_1_12' title='bbox 1063 1061 1210 1127; x_wconf 84' lang='lat' dir='ltr'>sanitate.</span> 
     </span>
    </p>
   </div>
   <div class='ocr_carea' id='block_1_4' title="bbox 183 1245 1352 2477">
    <p class='ocr_par' dir='ltr' id='par_1_4' title="bbox 183 1245 1352 2477">
     <span class='ocr_line' id='line_1_4' title="bbox 186 1245 1351 1331; baseline 0.003 -19"><span class='ocrx_word' id='word_1_13' title='bbox 186 1247 284 1313; x_wconf 80' lang='lat' dir='ltr'>A1.10</span> <span class='ocrx_word' id='word_1_14' title='bbox 299 1266 432 1330; x_wconf 90' lang='lat' dir='ltr'>quoque</span> <span class='ocrx_word' id='word_1_15' title='bbox 448 1247 481 1311; x_wconf 90' lang='lat' dir='ltr'>in</span> <span class='ocrx_word' id='word_1_16' title='bbox 504 1255 663 1331; x_wconf 88' lang='lat' dir='ltr'>tempore,</span> <span class='ocrx_word' id='word_1_17' title='bbox 680 1245 823 1313; x_wconf 86' lang='lat' dir='ltr'>Sanctus</span> <span class='ocrx_word' id='word_1_18' title='bbox 838 1266 914 1311; x_wconf 87' lang='lat' dir='ltr'>curn</span> <span class='ocrx_word' id='word_1_19' title='bbox 937 1257 1028 1312; x_wconf 85' lang='lat' dir='ltr'>trans</span> <span class='ocrx_word' id='word_1_20' title='bbox 1045 1247 1272 1313; x_wconf 89' lang='lat' dir='ltr'>Britannicum</span> <span class='ocrx_word' id='word_1_21' title='bbox 1289 1250 1351 1315; x_wconf 89' lang='lat' dir='ltr'>iter</span> 
     </span>
     <span class='ocr_line' id='line_1_5' title="bbox 183 1350 1351 1436; baseline 0.002 -20"><span class='ocrx_word' id='word_1_22' title='bbox 183 1360 297 1436; x_wconf 86' lang='lat' dir='ltr'>ageret</span> <span class='ocrx_word' id='word_1_23' title='bbox 320 1353 486 1430; x_wconf 87' lang='lat' dir='ltr'>Dorsum,¹</span> <span class='ocrx_word' id='word_1_24' title='bbox 509 1351 646 1435; x_wconf 87' lang='lat' dir='ltr'>quidam</span> <span class='ocrx_word' id='word_1_25' title='bbox 667 1350 808 1434; x_wconf 86' lang='lat' dir='ltr'>juvenis,</span> <span class='ocrx_word' id='word_1_26' title='bbox 824 1370 909 1415; x_wconf 90' lang='lat' dir='ltr'>unus</span> <span class='ocrx_word' id='word_1_27' title='bbox 931 1353 1101 1429; x_wconf 89' lang='lat' dir='ltr'>comitum,</span> <span class='ocrx_word' id='word_1_28' title='bbox 1117 1353 1227 1417; x_wconf 89' lang='lat' dir='ltr'>subita</span> <span class='ocrx_word' id='word_1_29' title='bbox 1250 1354 1351 1418; x_wconf 91' lang='lat' dir='ltr'>mole·</span> 
     </span>
     <span class='ocr_line' id='line_1_6' title="bbox 185 1454 1352 1539; baseline 0.003 -20"><span class='ocrx_word' id='word_1_30' title='bbox 185 1464 292 1521; x_wconf 90' lang='lat' dir='ltr'>status</span> <span class='ocrx_word' id='word_1_31' title='bbox 318 1455 520 1539; x_wconf 77' lang='lat' dir='ltr'>aegrimonia,</span> <span class='ocrx_word' id='word_1_32' title='bbox 543 1455 587 1519; x_wconf 91' lang='lat' dir='ltr'>ad</span> <span class='ocrx_word' id='word_1_33' title='bbox 617 1462 769 1519; x_wconf 88' lang='lat' dir='ltr'>extrema</span> <span class='ocrx_word' id='word_1_34' title='bbox 792 1475 898 1538; x_wconf 87' lang='lat' dir='ltr'>usque</span> <span class='ocrx_word' id='word_1_35' title='bbox 926 1454 1105 1538; x_wconf 89' lang='lat' dir='ltr'>perductus</span> <span class='ocrx_word' id='word_1_36' title='bbox 1129 1465 1188 1535; x_wconf 88' lang='lat' dir='ltr'>est,</span> <span class='ocrx_word' id='word_1_37' title='bbox 1216 1458 1352 1523; x_wconf 90' lang='lat' dir='ltr'>nomine</span> 
     </span>
     <span class='ocr_line' id='line_1_7' title="bbox 186 1557 1352 1643; baseline 0.006 -23"><span class='ocrx_word' id='word_1_38' title='bbox 186 1557 367 1623; x_wconf 89' lang='lat' dir='ltr'>Fintenus:</span> <span class='ocrx_word' id='word_1_39' title='bbox 390 1577 451 1641; x_wconf 91' lang='lat' dir='ltr'>pro</span> <span class='ocrx_word' id='word_1_40' title='bbox 474 1578 541 1641; x_wconf 91' lang='lat' dir='ltr'>quo</span> <span class='ocrx_word' id='word_1_41' title='bbox 567 1557 811 1622; x_wconf 85' lang='lat' dir='ltr'><strong>commilitones</strong></span> <span class='ocrx_word' id='word_1_42' title='bbox 832 1557 993 1624; x_wconf 86' lang='lat' dir='ltr'>Sanctum</span> <span class='ocrx_word' id='word_1_43' title='bbox 1019 1559 1127 1624; x_wconf 86' lang='lat' dir='ltr'>maesti</span> <span class='ocrx_word' id='word_1_44' title='bbox 1143 1559 1290 1643; x_wconf 85' lang='lat' dir='ltr'>rogitant</span> <span class='ocrx_word' id='word_1_45' title='bbox 1314 1570 1352 1627; x_wconf 89' lang='lat' dir='ltr'>ut</span> 
     </span>
     <span class='ocr_line' id='line_1_8' title="bbox 185 1660 1352 1746; baseline 0.005 -21"><span class='ocrx_word' id='word_1_46' title='bbox 185 1670 300 1727; x_wconf 84' lang='lat' dir='ltr'>oraret.</span> <span class='ocrx_word' id='word_1_47' title='bbox 361 1660 429 1746; x_wconf 79' lang='lat' dir='ltr'>Qui</span> <span class='ocrx_word' id='word_1_48' title='bbox 459 1661 583 1741; x_wconf 84' lang='lat' dir='ltr'>statim,</span> <span class='ocrx_word' id='word_1_49' title='bbox 617 1662 664 1725; x_wconf 89' lang='lat' dir='ltr'>eis</span> <span class='ocrx_word' id='word_1_50' title='bbox 701 1662 916 1746; x_wconf 89' lang='lat' dir='ltr'>compatiens,</span> <span class='ocrx_word' id='word_1_51' title='bbox 946 1671 1078 1728; x_wconf 84' lang='lat' dir='ltr'>sanctas</span> <span class='ocrx_word' id='word_1_52' title='bbox 1115 1683 1191 1729; x_wconf 88' lang='lat' dir='ltr'>curn</span> <span class='ocrx_word' id='word_1_53' title='bbox 1222 1664 1352 1731; x_wconf 87' lang='lat' dir='ltr'>intenta</span> 
     </span>
     <span class='ocr_line' id='line_1_9' title="bbox 185 1766 1352 1852; baseline 0.003 -22"><span class='ocrx_word' id='word_1_54' title='bbox 185 1767 335 1831; x_wconf 88' lang='lat' dir='ltr'>oratione</span> <span class='ocrx_word' id='word_1_55' title='bbox 355 1766 519 1850; x_wconf 86' lang='lat' dir='ltr'>expandit</span> <span class='ocrx_word' id='word_1_56' title='bbox 541 1767 584 1831; x_wconf 89' lang='lat' dir='ltr'>ad</span> <span class='ocrx_word' id='word_1_57' title='bbox 603 1766 725 1831; x_wconf 90' lang='lat' dir='ltr'>coelum</span> <span class='ocrx_word' id='word_1_58' title='bbox 748 1786 876 1845; x_wconf 90' lang='lat' dir='ltr'>manus,</span> <span class='ocrx_word' id='word_1_59' title='bbox 891 1776 1119 1852; x_wconf 85' lang='lat' dir='ltr'>aegrotumque</span> <span class='ocrx_word' id='word_1_60' title='bbox 1142 1769 1352 1850; x_wconf 83' lang='lat' dir='ltr'>benedicens,</span> 
     </span>
     <span class='ocr_line' id='line_1_10' title="bbox 184 1868 1352 1958; baseline 0.003 -25"><span class='ocrx_word' id='word_1_61' title='bbox 184 1871 254 1935; x_wconf 88' lang='lat' dir='ltr'>ait:</span> <span class='ocrx_word' id='word_1_62' title='bbox 279 1869 356 1947; x_wconf 89' lang='lat' dir='ltr'>Hic,</span> <span class='ocrx_word' id='word_1_63' title='bbox 377 1889 438 1953; x_wconf 91' lang='lat' dir='ltr'>pro</span> <span class='ocrx_word' id='word_1_64' title='bbox 461 1890 530 1954; x_wconf 90' lang='lat' dir='ltr'>quo</span> <span class='ocrx_word' id='word_1_65' title='bbox 556 1869 782 1954; x_wconf 86' lang='lat' dir='ltr'>interpellatis,</span> <span class='ocrx_word' id='word_1_66' title='bbox 804 1868 1001 1954; x_wconf 89' lang='lat' dir='ltr'>juvenculus</span> <span class='ocrx_word' id='word_1_67' title='bbox 1027 1871 1097 1937; x_wconf 88' lang='lat' dir='ltr'>vita</span> <span class='ocrx_word' id='word_1_68' title='bbox 1118 1870 1207 1937; x_wconf 88' lang='lat' dir='ltr'>vivet</span> <span class='ocrx_word' id='word_1_69' title='bbox 1229 1872 1352 1958; x_wconf 87' lang='lat' dir='ltr'>longa;</span> 
     </span>
     <span class='ocr_line' id='line_1_11' title="bbox 185 1974 1352 2061; baseline 0.004 -22"><span class='ocrx_word' id='word_1_70' title='bbox 185 1984 218 2039; x_wconf 91' lang='lat' dir='ltr'>et</span> <span class='ocrx_word' id='word_1_71' title='bbox 234 1982 311 2059; x_wconf 89' lang='lat' dir='ltr'>post</span> <span class='ocrx_word' id='word_1_72' title='bbox 334 1974 484 2039; x_wconf 91' lang='lat' dir='ltr'>omniurn</span> <span class='ocrx_word' id='word_1_73' title='bbox 511 1984 660 2040; x_wconf 89' lang='lat' dir='ltr'>nostrum</span> <span class='ocrx_word' id='word_1_74' title='bbox 681 1975 738 2059; x_wconf 90' lang='lat' dir='ltr'>qui</span> <span class='ocrx_word' id='word_1_75' title='bbox 766 1975 820 2040; x_wconf 92' lang='lat' dir='ltr'>hic</span> <span class='ocrx_word' id='word_1_76' title='bbox 845 1976 1004 2040; x_wconf 89' lang='lat' dir='ltr'>adsumus</span> <span class='ocrx_word' id='word_1_77' title='bbox 1030 1977 1159 2041; x_wconf 86' lang='lat' dir='ltr'>exitum</span> <span class='ocrx_word' id='word_1_78' title='bbox 1186 1987 1352 2061; x_wconf 86' lang='lat' dir='ltr'>superstes</span> 
     </span>
     <span class='ocr_line' id='line_1_12' title="bbox 185 2078 1351 2164; baseline 0.005 -22"><span class='ocrx_word' id='word_1_79' title='bbox 185 2078 378 2159; x_wconf 87' lang='lat' dir='ltr'>remanebit,</span> <span class='ocrx_word' id='word_1_80' title='bbox 393 2079 427 2142; x_wconf 92' lang='lat' dir='ltr'>in</span> <span class='ocrx_word' id='word_1_81' title='bbox 448 2078 537 2144; x_wconf 91' lang='lat' dir='ltr'>bona</span> <span class='ocrx_word' id='word_1_82' title='bbox 562 2079 739 2145; x_wconf 91' lang='lat' dir='ltr'>moriturus</span> <span class='ocrx_word' id='word_1_83' title='bbox 762 2090 903 2145; x_wconf 85' lang='lat' dir='ltr'>senecta</span> <span class='ocrx_word' id='word_1_84' title='bbox 949 2078 1050 2164; x_wconf 88' lang='lat' dir='ltr'>Quod</span> <span class='ocrx_word' id='word_1_85' title='bbox 1072 2080 1162 2146; x_wconf 88' lang='lat' dir='ltr'>beati</span> <span class='ocrx_word' id='word_1_86' title='bbox 1185 2081 1245 2145; x_wconf 89' lang='lat' dir='ltr'>viri</span> <span class='ocrx_word' id='word_1_87' title='bbox 1268 2083 1351 2148; x_wconf 86' lang='lat' dir='ltr'>vati·</span> 
     </span>
     <span class='ocr_line' id='line_1_13' title="bbox 184 2181 1352 2270; baseline 0.003 -23"><span class='ocrx_word' id='word_1_88' title='bbox 184 2183 308 2248; x_wconf 91' lang='lat' dir='ltr'>cinium</span> <span class='ocrx_word' id='word_1_89' title='bbox 339 2181 437 2267; x_wconf 89' lang='lat' dir='ltr'>plene</span> <span class='ocrx_word' id='word_1_90' title='bbox 467 2203 525 2266; x_wconf 89' lang='lat' dir='ltr'>per</span> <span class='ocrx_word' id='word_1_91' title='bbox 554 2183 668 2248; x_wconf 88' lang='lat' dir='ltr'>omnia</span> <span class='ocrx_word' id='word_1_92' title='bbox 697 2182 870 2267; x_wconf 88' lang='lat' dir='ltr'>expletum</span> <span class='ocrx_word' id='word_1_93' title='bbox 895 2193 967 2249; x_wconf 89' lang='lat' dir='ltr'>est:</span> <span class='ocrx_word' id='word_1_94' title='bbox 998 2204 1076 2250; x_wconf 88' lang='lat' dir='ltr'>nam</span> <span class='ocrx_word' id='word_1_95' title='bbox 1101 2184 1190 2250; x_wconf 88' lang='lat' dir='ltr'>idern</span> <span class='ocrx_word' id='word_1_96' title='bbox 1212 2185 1352 2270; x_wconf 86' lang='lat' dir='ltr'>juvenis,</span> 
     </span>
     <span class='ocr_line' id='line_1_14' title="bbox 185 2286 1346 2373; baseline 0.005 -23"><span class='ocrx_word' id='word_1_97' title='bbox 185 2286 273 2352; x_wconf 86' lang='lat' dir='ltr'>illius</span> <span class='ocrx_word' id='word_1_98' title='bbox 295 2295 413 2371; x_wconf 84' lang='lat' dir='ltr'>postea</span> <span class='ocrx_word' id='word_1_99' title='bbox 436 2287 626 2353; x_wconf 88' lang='lat' dir='ltr'>monasterii</span> <span class='ocrx_word' id='word_1_100' title='bbox 648 2286 813 2366; x_wconf 85' lang='lat' dir='ltr'>fundator,</span> <span class='ocrx_word' id='word_1_101' title='bbox 828 2289 918 2373; x_wconf 93' lang='lat' dir='ltr'>quod</span> <span class='ocrx_word' id='word_1_102' title='bbox 934 2289 1055 2354; x_wconf 89' lang='lat' dir='ltr'>dicitur</span> <span class='ocrx_word' id='word_1_103' title='bbox 1070 2289 1173 2354; x_wconf 89' lang='lat' dir='ltr'>Kailli</span> <span class='ocrx_word' id='word_1_104' title='bbox 1190 2289 1346 2371; x_wconf 76' lang='lat' dir='ltr'>Anfind·</span> 
     </span>
     <span class='ocr_line' id='line_1_15' title="bbox 186 2390 1056 2477; baseline 0.007 -22"><span class='ocrx_word' id='word_1_105' title='bbox 186 2390 219 2455; x_wconf 90' lang='lat' dir='ltr'>in</span> <span class='ocrx_word' id='word_1_106' title='bbox 236 2391 325 2458; x_wconf 85' lang='lat' dir='ltr'>bona</span> <span class='ocrx_word' id='word_1_107' title='bbox 338 2399 509 2460; x_wconf 83' lang='lat' dir='ltr'>senectute</span> <span class='ocrx_word' id='word_1_108' title='bbox 523 2401 722 2477; x_wconf 87' lang='lat' dir='ltr'>praesentem</span> <span class='ocrx_word' id='word_1_109' title='bbox 738 2392 929 2460; x_wconf 87' lang='lat' dir='ltr'>terminavit</span> <span class='ocrx_word' id='word_1_110' title='bbox 943 2394 1056 2461; x_wconf 77' lang='lat' dir='ltr'>vitant</span> 
     </span>
    </p>
   </div>
   <div class='ocr_carea' id='block_1_5' title="bbox 597 2799 940 2869">
    <p class='ocr_par' dir='ltr' id='par_1_5' title="bbox 597 2799 940 2869">
     <span class='ocr_line' id='line_1_16' title="bbox 597 2799 940 2869; baseline 0.003 -1"><span class='ocrx_word' id='word_1_111' title='bbox 597 2799 757 2869; x_wconf 85' lang='lat' dir='ltr'>CAPUT</span> <span class='ocrx_word' id='word_1_112' title='bbox 789 2801 940 2869; x_wconf 90' lang='lat' dir='ltr'>XXXll.</span> 
     </span>
    </p>
   </div>
   <div class='ocr_carea' id='block_1_6' title="bbox 183 2989 1353 3163">
    <p class='ocr_par' dir='ltr' id='par_1_6' title="bbox 183 2989 1353 3163">
     <span class='ocr_line' id='line_1_17' title="bbox 183 2989 1353 3076; baseline 0.001 -19"><span class='ocrx_word' id='word_1_113' title='bbox 183 2989 236 3057; x_wconf 85' lang='lat' dir='ltr'>Dc</span> <span class='ocrx_word' id='word_1_114' title='bbox 256 3000 358 3076; x_wconf 79' lang='lat' dir='ltr'>puero</span> <span class='ocrx_word' id='word_1_115' title='bbox 382 3011 475 3076; x_wconf 73' lang='lat' dir='ltr'>quem</span> <span class='ocrx_word' id='word_1_116' title='bbox 500 2999 664 3057; x_wconf 73' lang='lat' dir='ltr'>mortuum</span> <span class='ocrx_word' id='word_1_117' title='bbox 688 2991 751 3058; x_wconf 83' lang='lat' dir='ltr'>Vir</span> <span class='ocrx_word' id='word_1_118' title='bbox 773 2991 982 3058; x_wconf 80' lang='lat' dir='ltr'>Venerandus</span> <span class='ocrx_word' id='word_1_119' title='bbox 1002 2990 1039 3058; x_wconf 84' lang='lat' dir='ltr'>in</span> <span class='ocrx_word' id='word_1_120' title='bbox 1063 2989 1190 3059; x_wconf 81' lang='lat' dir='ltr'>Christi</span> <span class='ocrx_word' id='word_1_121' title='bbox 1214 2991 1353 3058; x_wconf 80' lang='lat' dir='ltr'>Domini</span> 
     </span>
     <span class='ocr_line' id='line_1_18' title="bbox 611 3096 929 3163; baseline 0 -1"><span class='ocrx_word' id='word_1_122' title='bbox 611 3097 738 3162; x_wconf 80' lang='lat' dir='ltr'>nemim</span> <span class='ocrx_word' id='word_1_123' title='bbox 751 3096 929 3163; x_wconf 80' lang='lat' dir='ltr'>suscitavit.</span> 
     </span>
    </p>
   </div>
   <div class='ocr_carea' id='block_1_7' title="bbox 185 3268 1353 4085">
    <p class='ocr_par' dir='ltr' id='par_1_7' title="bbox 185 3268 1353 4085">
     <span class='ocr_line' id='line_1_19' title="bbox 187 3268 1353 3354; baseline 0.003 -21"><span class='ocrx_word' id='word_1_124' title='bbox 187 3268 278 3335; x_wconf 71' lang='lat' dir='ltr'>Into</span> <span class='ocrx_word' id='word_1_125' title='bbox 293 3269 326 3333; x_wconf 91' lang='lat' dir='ltr'>in</span> <span class='ocrx_word' id='word_1_126' title='bbox 343 3277 502 3354; x_wconf 88' lang='lat' dir='ltr'>tempore,</span> <span class='ocrx_word' id='word_1_127' title='bbox 517 3289 584 3353; x_wconf 91' lang='lat' dir='ltr'>quo</span> <span class='ocrx_word' id='word_1_128' title='bbox 604 3278 738 3336; x_wconf 90' lang='lat' dir='ltr'>sanctus</span> <span class='ocrx_word' id='word_1_129' title='bbox 753 3268 918 3337; x_wconf 89' lang='lat' dir='ltr'>Columba</span> <span class='ocrx_word' id='word_1_130' title='bbox 939 3268 973 3334; x_wconf 92' lang='lat' dir='ltr'>in</span> <span class='ocrx_word' id='word_1_131' title='bbox 990 3268 1157 3334; x_wconf 86' lang='lat' dir='ltr'>Pictorum</span> <span class='ocrx_word' id='word_1_132' title='bbox 1182 3269 1353 3354; x_wconf 85' lang='lat' dir='ltr'>provincia</span> 
     </span>
     <span class='ocr_line' id='line_1_20' title="bbox 185 3373 1352 3459; baseline 0.001 -20"><span class='ocrx_word' id='word_1_133' title='bbox 185 3394 244 3458; x_wconf 89' lang='lat' dir='ltr'>per</span> <span class='ocrx_word' id='word_1_134' title='bbox 258 3374 384 3458; x_wconf 90' lang='lat' dir='ltr'>aliquot</span> <span class='ocrx_word' id='word_1_135' title='bbox 400 3375 635 3441; x_wconf 89' lang='lat' dir='ltr'>demorabatur</span> <span class='ocrx_word' id='word_1_136' title='bbox 647 3375 726 3454; x_wconf 84' lang='lat' dir='ltr'>dies,</span> <span class='ocrx_word' id='word_1_137' title='bbox 738 3375 873 3459; x_wconf 91' lang='lat' dir='ltr'>quidam</span> <span class='ocrx_word' id='word_1_138' title='bbox 889 3394 965 3440; x_wconf 89' lang='lat' dir='ltr'>cum</span> <span class='ocrx_word' id='word_1_139' title='bbox 979 3383 1050 3440; x_wconf 89' lang='lat' dir='ltr'>tota</span> <span class='ocrx_word' id='word_1_140' title='bbox 1062 3373 1211 3459; x_wconf 86' lang='lat' dir='ltr'>plebeius</span> <span class='ocrx_word' id='word_1_141' title='bbox 1226 3374 1352 3440; x_wconf 86' lang='lat' dir='ltr'>familia</span> 
     </span>
     <span class='ocr_line' id='line_1_21' title="bbox 186 3480 1351 3564; baseline 0.002 -21"><span class='ocrx_word' id='word_1_142' title='bbox 186 3480 322 3545; x_wconf 86' lang='lat' dir='ltr'>verbum</span> <span class='ocrx_word' id='word_1_143' title='bbox 360 3480 438 3544; x_wconf 82' lang='lat' dir='ltr'>vitae</span> <span class='ocrx_word' id='word_1_144' title='bbox 475 3500 535 3564; x_wconf 89' lang='lat' dir='ltr'>per</span> <span class='ocrx_word' id='word_1_145' title='bbox 572 3481 857 3563; x_wconf 88' lang='lat' dir='ltr'>interpretatorem</span> <span class='ocrx_word' id='word_1_146' title='bbox 887 3488 1004 3544; x_wconf 89' lang='lat' dir='ltr'>sancto</span> <span class='ocrx_word' id='word_1_147' title='bbox 1040 3480 1244 3563; x_wconf 71' lang='lat' dir='ltr'>praedicante</span> <span class='ocrx_word' id='word_1_148' title='bbox 1271 3481 1351 3560; x_wconf 88' lang='lat' dir='ltr'>viro,</span> 
     </span>
     <span class='ocr_line' id='line_1_22' title="bbox 186 3583 1350 3668; baseline 0.002 -21"><span class='ocrx_word' id='word_1_149' title='bbox 186 3583 324 3648; x_wconf 88' lang='lat' dir='ltr'>audiens</span> <span class='ocrx_word' id='word_1_150' title='bbox 361 3584 510 3662; x_wconf 86' lang='lat' dir='ltr'>credidit,</span> <span class='ocrx_word' id='word_1_151' title='bbox 540 3584 743 3668; x_wconf 88' lang='lat' dir='ltr'>credensque</span> <span class='ocrx_word' id='word_1_152' title='bbox 780 3584 967 3667; x_wconf 86' lang='lat' dir='ltr'>baptizatus</span> <span class='ocrx_word' id='word_1_153' title='bbox 1003 3593 1063 3662; x_wconf 87' lang='lat' dir='ltr'>est,</span> <span class='ocrx_word' id='word_1_154' title='bbox 1101 3583 1238 3648; x_wconf 88' lang='lat' dir='ltr'>maritus</span> <span class='ocrx_word' id='word_1_155' title='bbox 1273 3604 1350 3649; x_wconf 90' lang='lat' dir='ltr'>curn</span> 
     </span>
     <span class='ocr_line' id='line_1_23' title="bbox 187 3686 1350 3773; baseline 0.003 -22"><span class='ocrx_word' id='word_1_156' title='bbox 187 3687 304 3752; x_wconf 89' lang='lat' dir='ltr'>marita</span> <span class='ocrx_word' id='word_1_157' title='bbox 328 3686 503 3771; x_wconf 89' lang='lat' dir='ltr'>liberisque</span> <span class='ocrx_word' id='word_1_158' title='bbox 525 3697 559 3753; x_wconf 86' lang='lat' dir='ltr'>et</span> <span class='ocrx_word' id='word_1_159' title='bbox 582 3687 805 3753; x_wconf 60' lang='lat' dir='ltr'>familiaribus„</span> <span class='ocrx_word' id='word_1_160' title='bbox 852 3688 897 3754; x_wconf 89' lang='lat' dir='ltr'>Et</span> <span class='ocrx_word' id='word_1_161' title='bbox 919 3697 996 3773; x_wconf 91' lang='lat' dir='ltr'>post</span> <span class='ocrx_word' id='word_1_162' title='bbox 1017 3687 1259 3772; x_wconf 89' lang='lat' dir='ltr'>aliquantulum</span> <span class='ocrx_word' id='word_1_163' title='bbox 1282 3689 1350 3754; x_wconf 87' lang='lat' dir='ltr'>die·</span> 
     </span>
     <span class='ocr_line' id='line_1_24' title="bbox 186 3790 1351 3877; baseline 0.001 -22"><span class='ocrx_word' id='word_1_164' title='bbox 186 3790 332 3856; x_wconf 88' lang='lat' dir='ltr'>cularum</span> <span class='ocrx_word' id='word_1_165' title='bbox 361 3791 569 3857; x_wconf 85' lang='lat' dir='ltr'>intervalium</span> <span class='ocrx_word' id='word_1_166' title='bbox 597 3813 785 3876; x_wconf 84' lang='lat' dir='ltr'>paucarum,</span> <span class='ocrx_word' id='word_1_167' title='bbox 808 3813 894 3858; x_wconf 86' lang='lat' dir='ltr'>unus</span> <span class='ocrx_word' id='word_1_168' title='bbox 925 3792 1065 3859; x_wconf 88' lang='lat' dir='ltr'>filiorum</span> <span class='ocrx_word' id='word_1_169' title='bbox 1096 3792 1351 3877; x_wconf 84' lang='lat' dir='ltr'>patrisfamilias,</span> 
     </span>
     <span class='ocr_line' id='line_1_25' title="bbox 185 3894 1350 3980; baseline 0.003 -22"><span class='ocrx_word' id='word_1_170' title='bbox 185 3895 277 3978; x_wconf 84' lang='lat' dir='ltr'>gravi</span> <span class='ocrx_word' id='word_1_171' title='bbox 300 3904 469 3978; x_wconf 89' lang='lat' dir='ltr'>correptus</span> <span class='ocrx_word' id='word_1_172' title='bbox 493 3895 698 3980; x_wconf 85' lang='lat' dir='ltr'>aegritudine,</span> <span class='ocrx_word' id='word_1_173' title='bbox 714 3916 818 3980; x_wconf 89' lang='lat' dir='ltr'>usque</span> <span class='ocrx_word' id='word_1_174' title='bbox 842 3896 886 3962; x_wconf 90' lang='lat' dir='ltr'>ad</span> <span class='ocrx_word' id='word_1_175' title='bbox 910 3894 1053 3961; x_wconf 87' lang='lat' dir='ltr'>confinia</span> <span class='ocrx_word' id='word_1_176' title='bbox 1076 3897 1191 3961; x_wconf 91' lang='lat' dir='ltr'>mortis</span> <span class='ocrx_word' id='word_1_177' title='bbox 1216 3906 1249 3962; x_wconf 90' lang='lat' dir='ltr'>et</span> <span class='ocrx_word' id='word_1_178' title='bbox 1272 3897 1350 3961; x_wconf 89' lang='lat' dir='ltr'>vitae</span> 
     </span>
     <span class='ocr_line' id='line_1_26' title="bbox 185 3999 1349 4085; baseline 0.001 -21"><span class='ocrx_word' id='word_1_179' title='bbox 185 3999 364 4083; x_wconf 90' lang='lat' dir='ltr'>perductus</span> <span class='ocrx_word' id='word_1_180' title='bbox 379 4009 437 4065; x_wconf 90' lang='lat' dir='ltr'>est</span> <span class='ocrx_word' id='word_1_181' title='bbox 484 4000 593 4085; x_wconf 87' lang='lat' dir='ltr'>Quem</span> <span class='ocrx_word' id='word_1_182' title='bbox 609 4020 684 4065; x_wconf 90' lang='lat' dir='ltr'>cum</span> <span class='ocrx_word' id='word_1_183' title='bbox 702 4000 791 4085; x_wconf 87' lang='lat' dir='ltr'>magi</span> <span class='ocrx_word' id='word_1_184' title='bbox 808 4000 1003 4065; x_wconf 88' lang='lat' dir='ltr'>morientem</span> <span class='ocrx_word' id='word_1_185' title='bbox 1022 3999 1190 4080; x_wconf 87' lang='lat' dir='ltr'>vidissent,</span> <span class='ocrx_word' id='word_1_186' title='bbox 1206 4001 1349 4083; x_wconf 88' lang='lat' dir='ltr'>parenti·</span> 
     </span>
    </p>
   </div>
   <div class='ocr_carea' id='block_1_8' title="bbox 184 4233 1350 4466">
    <p class='ocr_par' dir='ltr' id='par_1_8' title="bbox 184 4233 1350 4466">
     <span class='ocr_line' id='line_1_27' title="bbox 218 4233 1350 4386; baseline 0.001 -19"><span class='ocrx_word' id='word_1_187' title='bbox 218 4233 443 4369; x_wconf 52' lang='lat' dir='ltr'>:gorgzssilmhu</span> <span class='ocrx_word' id='word_1_188' title='bbox 463 4317 662 4370; x_wconf 62' lang='lat' dir='ltr'>Keilii-ruenda</span> <span class='ocrx_word' id='word_1_189' title='bbox 698 4318 754 4370; x_wconf 79' lang='lat' dir='ltr'>The</span> <span class='ocrx_word' id='word_1_190' title='bbox 776 4319 848 4386; x_wconf 77' lang='lat' dir='ltr'>plree</span> <span class='ocrx_word' id='word_1_191' title='bbox 866 4318 913 4370; x_wconf 78' lang='lat' dir='ltr'>hu</span> <span class='ocrx_word' id='word_1_192' title='bbox 931 4324 975 4370; x_wconf 86' lang='lat' dir='ltr'>not</span> <span class='ocrx_word' id='word_1_193' title='bbox 995 4318 1059 4370; x_wconf 84' lang='lat' dir='ltr'>been</span> <span class='ocrx_word' id='word_1_194' title='bbox 1078 4316 1215 4370; x_wconf 80' lang='lat' dir='ltr'>identified.</span> <span class='ocrx_word' id='word_1_195' title='bbox 1251 4317 1350 4383; x_wconf 79' lang='lat' dir='ltr'>Colgrn</span> 
     </span>
     <span class='ocr_line' id='line_1_28' title="bbox 184 4397 1350 4466; baseline 0.003 -19"><span class='ocrx_word' id='word_1_196' title='bbox 184 4397 268 4463; x_wconf 71' lang='lat' dir='ltr'>places</span> <span class='ocrx_word' id='word_1_197' title='bbox 280 4398 298 4448; x_wconf 88' lang='lat' dir='ltr'>it</span> <span class='ocrx_word' id='word_1_198' title='bbox 310 4398 336 4448; x_wconf 92' lang='lat' dir='ltr'>in</span> <span class='ocrx_word' id='word_1_199' title='bbox 350 4399 458 4459; x_wconf 70' lang='lat' dir='ltr'>inland,</span> <span class='ocrx_word' id='word_1_200' title='bbox 472 4401 521 4449; x_wconf 80' lang='lat' dir='ltr'>and</span> <span class='ocrx_word' id='word_1_201' title='bbox 534 4400 620 4451; x_wconf 70' lang='lat' dir='ltr'>makes</span> <span class='ocrx_word' id='word_1_202' title='bbox 631 4401 674 4452; x_wconf 82' lang='lat' dir='ltr'>the</span> <span class='ocrx_word' id='word_1_203' title='bbox 690 4416 763 4452; x_wconf 73' lang='lat' dir='ltr'>nume</span> <span class='ocrx_word' id='word_1_204' title='bbox 779 4400 929 4466; x_wconf 79' lang='lat' dir='ltr'>correspond</span> <span class='ocrx_word' id='word_1_205' title='bbox 946 4410 974 4452; x_wconf 89' lang='lat' dir='ltr'>to</span> <span class='ocrx_word' id='word_1_206' title='bbox 990 4399 1148 4451; x_wconf 68' lang='lat' dir='ltr'>xiil-donne</span> <span class='ocrx_word' id='word_1_207' title='bbox 1159 4399 1185 4450; x_wconf 89' lang='lat' dir='ltr'>in</span> <span class='ocrx_word' id='word_1_208' title='bbox 1197 4398 1240 4450; x_wconf 82' lang='lat' dir='ltr'>the</span> <span class='ocrx_word' id='word_1_209' title='bbox 1250 4399 1350 4450; x_wconf 77' lang='lat' dir='ltr'>diocese</span> 
     </span>
    </p>
   </div>
   <div class='ocr_carea' id='block_1_9' title="bbox 184 4479 1350 4628">
    <p class='ocr_par' dir='ltr' id='par_1_9' title="bbox 184 4479 1350 4628">
     <span class='ocr_line' id='line_1_29' title="bbox 184 4479 1350 4549; baseline 0.004 -20"><span class='ocrx_word' id='word_1_210' title='bbox 184 4479 213 4529; x_wconf 90' lang='lat' dir='ltr'>ol</span> <span class='ocrx_word' id='word_1_211' title='bbox 222 4480 342 4532; x_wconf 81' lang='lat' dir='ltr'>Clonlert.</span> <span class='ocrx_word' id='word_1_212' title='bbox 378 4482 424 4532; x_wconf 87' lang='lat' dir='ltr'>Dr.</span> <span class='ocrx_word' id='word_1_213' title='bbox 443 4482 536 4542; x_wconf 76' lang='lat' dir='ltr'>Sirene,</span> <span class='ocrx_word' id='word_1_214' title='bbox 555 4483 701 4544; x_wconf 79' lang='lat' dir='ltr'>Adamnan,</span> <span class='ocrx_word' id='word_1_215' title='bbox 716 4482 771 4548; x_wconf 82' lang='lat'>328,</span> <span class='ocrx_word' id='word_1_216' title='bbox 785 4484 825 4534; x_wconf 79' lang='lat' dir='ltr'>ed.</span> <span class='ocrx_word' id='word_1_217' title='bbox 847 4482 917 4548; x_wconf 75' lang='lat'>1874,</span> <span class='ocrx_word' id='word_1_218' title='bbox 935 4482 956 4535; x_wconf 79' lang='lat' dir='ltr'>ir</span> <span class='ocrx_word' id='word_1_219' title='bbox 972 4482 1082 4535; x_wconf 82' lang='lat' dir='ltr'>inclined</span> <span class='ocrx_word' id='word_1_220' title='bbox 1098 4491 1126 4535; x_wconf 92' lang='lat' dir='ltr'>to</span> <span class='ocrx_word' id='word_1_221' title='bbox 1141 4480 1247 4549; x_wconf 81' lang='lat' dir='ltr'>identily</span> <span class='ocrx_word' id='word_1_222' title='bbox 1257 4481 1278 4534; x_wconf 85' lang='lat' dir='ltr'>it</span> <span class='ocrx_word' id='word_1_223' title='bbox 1288 4481 1350 4534; x_wconf 72' lang='lat' dir='ltr'>virt</span> 
     </span>
     <span class='ocr_line' id='line_1_30' title="bbox 185 4560 835 4628; baseline 0.005 -12"><span class='ocrx_word' id='word_1_224' title='bbox 185 4560 342 4626; x_wconf 80' lang='lat' dir='ltr'>Killundine.</span> <span class='ocrx_word' id='word_1_225' title='bbox 355 4561 382 4615; x_wconf 88' lang='lat' dir='ltr'>in</span> <span class='ocrx_word' id='word_1_226' title='bbox 394 4563 510 4628; x_wconf 75' lang='lat' dir='ltr'>Morum,</span> <span class='ocrx_word' id='word_1_227' title='bbox 523 4578 556 4615; x_wconf 90' lang='lat' dir='ltr'>on</span> <span class='ocrx_word' id='word_1_228' title='bbox 568 4563 611 4620; x_wconf 75' lang='lat' dir='ltr'>tlte</span> <span class='ocrx_word' id='word_1_229' title='bbox 622 4564 711 4618; x_wconf 86' lang='lat' dir='ltr'>Soond</span> <span class='ocrx_word' id='word_1_230' title='bbox 721 4564 751 4619; x_wconf 85' lang='lat' dir='ltr'>ot</span> <span class='ocrx_word' id='word_1_231' title='bbox 762 4564 835 4619; x_wconf 76' lang='lat' dir='ltr'>Mull.</span> 
     </span>
    </p>
   </div>
   <div class='ocr_carea' id='block_1_10' title="bbox 0 0 1618 5520">
    <p class='ocr_par' dir='ltr' id='par_1_10' title="bbox 0 0 1618 5520">
     <span class='ocr_line' id='line_1_31' title="bbox 0 0 1618 5520; baseline 0 0"><span class='ocrx_word' id='word_1_232' title='bbox 0 0 1618 5520; x_wconf 95' lang='lat' dir='ltr'> </span> 
     </span>
    </p>
   </div>
  </div>
 </body>
</html>
