3226 5520
349 450 408 513 108
651 445 796 512 VITA
835 443 1137 510 II.-LIBER
1177 442 1206 507 Ι.

720 834 921 902 CAPUT
959 834 1136 900 XXXV.

389 1043 442 1107 De
459 1041 597 1107 Gallano
609 1042 686 1126 filio
701 1042 859 1106 Faclctni¹
881 1041 1032 1125 quierat
1051 1040 1087 1105 in
1109 1038 1225 1105 diocesi
1246 1036 1380 1123 corgon
1395 1038 1480 1122 filii

877 1144 1022 1211 Cellaclu'.

347 1333 517 1418 QUADAM
542 1332 657 1397 itidem
682 1335 737 1398 die
762 1334 914 1410 Sanctus,
930 1334 962 1395 in
979 1352 1041 1395 suo
1062 1333 1182 1396 sedens
1204 1330 1379 1415 tuguriolo,
1396 1329 1532 1415 Colgio

345 1439 463 1515 eidem,
500 1437 662 1502 lectitanti
696 1438 798 1521 juxta
834 1458 878 1515 se,
915 1436 1149 1520 prophetizans
1185 1435 1252 1499 ait:
1283 1433 1383 1499 Nunc
1412 1454 1529 1499 unum

346 1551 497 1605 tenacem
517 1542 708 1624 primarium
725 1544 767 1605 de
783 1552 850 1605 tuae
872 1541 1059 1624 praepositis
1079 1540 1269 1618 dioeceseos,
1284 1540 1463 1603 daemones
1479 1540 1529 1604 ad

347 1645 474 1708 inferna
503 1645 643 1727 rapiunt„
707 1645 755 1709 At
784 1665 861 1708 vcro
891 1645 954 1708 hoc
984 1646 1122 1709 audiens
1152 1642 1289 1726 Colgius
1318 1652 1459 1726 tempus
1489 1652 1531 1708 et

347 1750 463 1812 horam
486 1749 520 1813 in
544 1749 657 1813 tabula
681 1749 879 1823 describens,
895 1758 971 1831 post
995 1747 1121 1831 aliquot
1149 1766 1277 1810 menses
1303 1746 1346 1809 ad
1372 1748 1528 1829 patriam

347 1873 503 1929 reversus,
534 1851 711 1917 Gallanum
742 1850 846 1915 filium
887 1851 1047 1928 Fachtni,¹
1070 1851 1189 1913 eodem
1218 1850 1309 1912 horae
1342 1860 1530 1914 momento

348 1957 465 2034 obisse,
480 1957 524 2021 ab
546 1956 666 2021 accolis
688 1955 838 2039 ejusdem
862 1955 1005 2037 regionis
1027 1961 1269 2037 percunctatus,
1292 1953 1429 2031 invenit,
1453 1974 1529 2038 quo

347 2062 397 2125 vir
412 2061 529 2125 beatus
544 2060 652 2124 eidem
669 2081 688 2124 a
704 2059 912 2124 daemonibus
928 2070 1060 2141 raptum
1075 2058 1246 2124 enarravit

710 2479 914 2546 CAPUT
953 2480 1160 2547 XXXVI.

394 2663 446 2728 Dc
467 2664 654 2729 Findclrano
668 2665 852 2748 presbitero,
875 2667 965 2730 illius
987 2667 1178 2731 monasterii
1191 2665 1371 2748 fundatore
1392 2666 1487 2749 quod

496 2769 616 2834 Scotice
637 2770 820 2834 Ardcaiin¹
843 2780 1054 2854 rumpatur,
1077 2771 1112 2835 in
1135 2770 1253 2836 Ethica
1274 2780 1371 2836 terra

353 2956 451 3022 ALIO
481 2957 514 3019 in
545 2968 696 3039 tempore
722 2978 821 3040 supra
848 2970 1050 3023 memoratus
1080 2959 1242 3042 presbiter
1272 2958 1499 3038 Findchanus,
1513 2972 1527 3001 ³

353 3058 475 3123 Christi
489 3060 591 3137 miles,
605 3061 731 3124 Aidum
745 3071 969 3144 cognomento
987 3062 1017 3125 N
1021 3063 1150 3145 igrum,³
1165 3062 1256 3144 regio
1270 3081 1390 3145 genere
1402 3071 1527 3141 ortum,

353 3162 581 3227 Cruthinicum
609 3166 787 3246 gente,⁴de
816 3165 929 3229 Scotia
956 3166 999 3228 ad
1029 3167 1233 3229 Britanniam
1262 3165 1324 3228 sub
1349 3164 1527 3230 clericatus

352 3266 467 3330 habitu
498 3287 611 3330 secum
642 3268 805 3347 adduxit;
840 3276 876 3330 ut
904 3268 936 3329 in
964 3288 1024 3331 suo
1050 3269 1140 3350 apud
1168 3288 1203 3331 se
1233 3269 1434 3331 monasterio
1466 3290 1528 3351 per

353 3371 480 3452 aliquot
496 3372 757 3454 peregrinaretur
780 3391 892 3434 annos.
940 3370 1007 3453 Qui
1031 3373 1156 3435 scilicet
1180 3372 1289 3435 Aidus
1306 3371 1410 3455 Niger
1425 3374 1527 3437 valde

354 3473 583 3554 sanguinarius
612 3474 713 3537 homo
744 3484 777 3537 et
808 3475 987 3538 multorum
1026 3474 1132 3538 luerat
1162 3475 1366 3552 trucidator;
1402 3472 1459 3555 qui
1492 3484 1528 3538 et

356 3578 592 3641 Diormitium⁵
615 3575 718 3641 filium
747 3577 906 3655 Cerbulis,
929 3578 1032 3642 totius
1060 3578 1183 3644 Scotiae
1207 3586 1425 3660 regnatorem,
1449 3577 1528 3641 Deo

389 3792 444 3840 ¹A.

389 3886 398 3912 1
415 3873 543 3933 Artchain,
559 3874 589 3923 Α.

388 3957 514 4004 2Known
532 3972 624 4020 among
643 3955 685 4005 the
703 3955 825 4005 Lowland
843 3957 935 4007 Scotch
952 3973 980 4006 as
998 3958 1034 4007 St.
1050 3958 1070 4006 F
1072 3956 1124 4006 inlr.
1170 3956 1220 4006 llis
1238 3972 1311 4007 name
1323 3955 1344 4006 is
1355 3956 1488 4021 preserved
1501 3956 1528 4006 in

357 4035 519 4097 Kilsrnichen,
533 4036 575 4085 the
587 4052 660 4084 name
672 4035 701 4084 ol
709 4052 724 4084 a
735 4036 819 4101 parish
831 4036 856 4085 in
870 4036 943 4086 Mull.

388 4131 400 4168 3
414 4118 466 4168 Son
478 4119 507 4167 ol
516 4118 636 4178 Suibhne,
650 4118 700 4167 and
712 4117 780 4167 chief
793 4119 822 4168 ol
836 4119 886 4168 Dal
897 4119 1009 4169 Araidhe
1021 4118 1046 4168 in
1060 4118 1114 4182 565.
1152 4119 1195 4168 He
1205 4119 1309 4170 becem
1321 4118 1391 4183 King
1401 4117 1430 4167 ol
1440 4118 1529 4169 Uladh

354 4201 381 4250 in
395 4200 449 4265 581,
464 4201 513 4250 and
526 4202 573 4250 lost
586 4201 624 4250 his
636 4201 677 4250 lile
690 4201 714 4249 in
728 4199 783 4263 588.

387 4283 478 4333 elrish
492 4284 567 4334 Piots.

387 4367 456 4415 slle
476 4366 580 4416 became
597 4365 726 4431 sovereign
744 4365 774 4414 ol
788 4366 888 4415 lreland
908 4365 934 4415 in
956 4376 1011 4429 544.
1048 4367 1090 4416 He
1102 4382 1153 4416 was
1164 4366 1207 4416 the
1224 4375 1312 4431 patron
1329 4365 1358 4415 ol
1372 4366 1408 4416 St.
1423 4363 1528 4424 Cicron,

353 4448 402 4497 and
422 4465 472 4497 was
484 4448 546 4496 elain
565 4449 590 4496 in
610 4448 656 4511 565
674 4456 700 4497 at
719 4448 845 4513 Rath-beg
863 4448 888 4497 in
907 4447 1061 4513 Magh·Line
1073 4449 1106 4513 by
1119 4449 1192 4498 nedh
1206 4449 1292 4509 Dubh,
1306 4464 1352 4497 son
1368 4447 1397 4497 ol
1412 4447 1530 4499 Suibhne

353 4529 472 4588 Aruirllre,
487 4529 547 4592 king
560 4528 588 4577 ol
598 4529 692 4588 Uladh,
729 4529 827 4593 During
839 4529 877 4578 his
889 4529 959 4594 reign
971 4531 1037 4579 Tara
1048 4531 1137 4579 ceased
1149 4538 1175 4579 to
1187 4531 1218 4579 be
1230 4546 1245 4579 a
1256 4531 1323 4594 regal
1336 4528 1424 4579 abode.
