3226 5520
630 464 943 534 COLUMBAE.
1326 484 1366 554 37

200 670 255 736 die
280 671 392 736 subito
416 671 499 736 vidit
514 680 630 736 contra
651 694 687 737 se
710 673 922 755 nigerrimam
947 674 1138 738 daemonum
1161 675 1267 739 aciem
1290 697 1366 742 curn

199 774 312 840 ferreis
333 775 474 858 praeliari
497 776 660 840 verubus:
686 777 742 859 qui
769 778 865 843 sicuti
892 788 1008 842 sancto
1030 779 1100 842 viro
1122 799 1181 862 per
1204 779 1366 865 Spiritum

200 890 271 945 erat
296 880 487 958 revelatum,
504 881 741 945 monasterium
764 882 836 965 ejus
859 882 1015 947 invadere
1034 891 1069 946 et
1091 884 1214 947 multos
1236 905 1281 948 ex
1304 885 1367 951 ira·

201 984 307 1050 tribus
319 983 473 1070 jugulare
487 984 645 1050 volebant
663 986 807 1050 sudibus
855 986 932 1070 lpse
953 1007 1032 1050 vero
1054 996 1170 1053 contra
1192 1009 1249 1053 eos
1272 990 1368 1057 dimi·

200 1088 307 1167 cabat,
335 1097 370 1153 et
392 1088 439 1153 ita
461 1107 506 1152 ex
538 1088 655 1174 majori
681 1089 747 1154 diei
772 1099 866 1173 parte
893 1090 1060 1173 utrimque
1085 1091 1282 1158 dimicatum
1308 1105 1366 1161 est

202 1192 273 1257 Nec
295 1201 409 1257 tamen
433 1193 595 1258 innumeri
618 1213 721 1257 unum
751 1194 882 1258 vincere
908 1203 1088 1278 potuerunt
1102 1218 1109 1259 :
1124 1195 1231 1261 donec
1257 1198 1367 1281 angeli

202 1296 266 1361 Dei
283 1296 317 1360 in
338 1297 578 1362 adminiculum
601 1295 747 1376 affuere;
768 1317 910 1380 quonum
934 1299 1055 1363 timore
1077 1298 1152 1364 loco
1173 1320 1309 1381 cessere,
1332 1311 1369 1367 ut

199 1409 276 1484 post
291 1400 362 1485 ipse
378 1399 521 1468 Sanctus
536 1400 690 1467 iratribus
705 1401 879 1468 intimavit

646 1740 840 1809 CAPUT
872 1743 919 1808 X.

199 1928 241 1994 In
256 1929 376 2014 Hyona
391 1951 534 2011 manens,
542 1932 657 2014 fratri
669 1933 704 1997 in
719 1931 893 2011 Hibernia,
906 1931 946 1997 de
960 1930 1098 1996 culmine
1112 1931 1224 1996 domus
1238 1927 1368 2009 labenti,

591 2047 644 2121 ope
658 2037 775 2121 angeli,
789 2036 958 2102 subvenit.¹

200 2172 298 2239 ALIO
326 2174 359 2238 in
386 2181 537 2259 tempore
569 2177 649 2240 dum
677 2175 710 2239 in
737 2176 870 2258 tugurio
897 2194 958 2239 suo
983 2175 1033 2239 vir
1060 2171 1198 2238 Domini
1221 2171 1367 2236 scribens

199 2280 337 2357 sederet,
367 2279 478 2343 subito
508 2279 685 2344 immutata
722 2289 773 2343 est
800 2280 871 2363 ejus
906 2278 1006 2343 iacies
1039 2286 1073 2342 et
1103 2276 1188 2341 hanc
1215 2296 1298 2359 puro
1324 2277 1366 2342 de

196 2393 329 2465 pectore
358 2383 482 2465 promit
513 2403 641 2462 vocem,
663 2383 795 2448 dicens:
826 2381 1019 2447 Auxiliare!
1051 2380 1231 2447 auxiliarel
1286 2380 1366 2446 Duo

197 2496 309 2550 autem
333 2485 457 2565 lratres,
479 2486 522 2551 ad
542 2486 680 2570 januam
705 2496 841 2564 stantes,
865 2485 984 2552 subitae
1006 2486 1098 2550 vocis
1116 2485 1365 2568 interrogabant

197 2610 340 2656 causam.
391 2588 522 2674 Quibus
552 2593 602 2656 vir
632 2601 766 2656 sanctus
788 2590 851 2654 hoc
875 2592 969 2656 dedit
992 2610 1207 2675 responsum:
1231 2587 1366 2673 Angelo

199 2695 345 2773 Domini,
360 2696 416 2779 qui
440 2714 528 2759 nunc
544 2696 629 2759 inter
653 2715 713 2760 nos
737 2695 856 2774 stabat,
875 2695 958 2780 jussi
981 2705 1018 2760 ut
1043 2695 1175 2760 cuidam
1199 2715 1243 2759 ex
1259 2691 1365 2758 iratri-

198 2798 268 2877 bus,
306 2800 349 2863 de
389 2799 533 2864 culmine
571 2800 692 2865 domus
730 2800 825 2885 lapso
862 2820 938 2884 quae
975 2799 1155 2864 fabricatur
1190 2807 1260 2863 tam
1298 2797 1366 2862 cito

197 2904 393 2969 subveniret
441 2904 583 2988 Hocque
619 2914 859 2988 consequenter
895 2905 1038 2971 Sanctus
1078 2903 1210 2967 intulit:
1255 2902 1366 2967 Valde

197 3007 400 3072 admirabilis
415 3018 450 3072 et
473 3028 559 3092 pene
584 3008 770 3085 indicibllls,
786 3016 837 3071 est
863 3007 1003 3090 angelici
1024 3006 1154 3070 volatus
1178 3005 1366 3090 pernicitas,

197 3108 356 3193 fulgureae
379 3119 417 3176 ut
441 3111 572 3174 aestimo
594 3109 753 3174 celeritati
774 3108 895 3193 parilis.
951 3108 1039 3172 Nam
1055 3108 1111 3172 ille
1134 3107 1285 3172 coelicola
1307 3107 1364 3190 qui

197 3214 273 3277 hinc
297 3235 318 3277 a
345 3215 441 3279 nobis
463 3215 509 3279 illi
533 3235 620 3280 nunc
641 3214 713 3279 viro
735 3213 802 3279 labi
825 3213 994 3297 incipienti
1018 3212 1195 3288 advolavit,
1210 3211 1304 3295 quasi
1331 3212 1364 3275 in

197 3318 264 3383 ictu
289 3318 375 3383 oculi
400 3319 593 3402 priusquam
618 3328 738 3383 terram
761 3326 914 3401 tangeret
936 3316 1135 3381 subveniens
1155 3334 1231 3380 eum
1257 3314 1365 3379 suble·

196 3421 310 3503 vavit;
332 3442 394 3487 uec
409 3421 512 3488 ullam
536 3420 713 3488 fracturam
738 3424 848 3487 sensit
895 3419 1008 3505 Quam
1028 3421 1203 3505 stupenda,
1218 3419 1366 3503 inquam,

196 3537 231 3592 et
253 3539 443 3611 opportuna
472 3526 656 3606 subventio,
678 3548 753 3610 quae
775 3526 867 3591 dicto
888 3527 985 3590 citius
1015 3525 1117 3592 tantis
1141 3522 1365 3609 interjacenti·

196 3631 259 3696 bus
274 3631 368 3696 terris
382 3641 417 3697 et
431 3633 526 3716 aquis
542 3641 611 3699 tarn
627 3631 796 3697 celerrime
810 3629 895 3696 effici
910 3629 1029 3715 potuit

626 3973 829 4040 CAPUT
861 3972 937 4036 XI.

556 4126 733 4194 Conversa!
746 4150 818 4194 cum
834 4126 978 4213 Angelis.

196 4280 365 4366 QUODAM
389 4281 422 4345 in
446 4292 595 4366 tempore
628 4304 695 4347 uno
717 4285 845 4349 dierum
868 4282 1023 4349 iratribus
1045 4281 1255 4366 congregatis
1277 4282 1367 4347 dixit

196 4403 329 4450 sanctus
353 4386 417 4450 Dei
441 4385 625 4452 Columba:
659 4388 771 4452 Hodie
793 4409 857 4474 ego
888 4389 921 4452 in
944 4387 1184 4452 occidentalem
1209 4405 1366 4470 campum

402 4597 413 4628 ι
430 4588 495 4639 thid.
511 4587 561 4640 111.
580 4598 617 4655 ις.
925 4587 1017 4643 vlbld.
1032 4588 1084 4640 nt
1101 4587 1141 4646 1⁶·
