3226 5520
647 483 960 559 COLUMBAE.
1339 486 1379 573 85

174 703 177 712 '
216 705 332 761 sancto
344 695 527 775 Columbae,
541 695 635 779 quasi
651 695 772 780 angelo
787 696 934 776 Domini,
945 696 1087 776 obviam,
1098 697 1220 782 egressi
1231 695 1355 762 vallum
1369 708 1382 748 ⁴

217 800 417 880 monasterii,
439 800 611 866 unanimes
633 811 799 885 pergunt,
820 800 1067 886 humiliatisque
1089 802 1263 867 interram
1285 801 1382 867 vulti·

216 904 278 969 bus
304 925 345 970 eo
373 906 454 984 viso,
483 924 559 970 cum
589 906 681 970 omni
711 907 893 971 reverentia
922 906 1135 972 exosculatus
1161 907 1205 972 ab
1234 905 1281 971 eis
1310 914 1384 985 est;

216 1009 415 1093 hymnisque
444 1019 478 1074 et
508 1009 661 1076 laudibus
691 1019 891 1089 resonantes,
920 1009 1100 1074 honorifice
1137 1010 1179 1075 ad
1210 1010 1382 1076 ecclesiam

216 1115 424 1197 perducunt;
445 1115 693 1198 quamdamque
708 1114 751 1179 de
767 1114 865 1199 lignis
883 1115 1113 1198 pyramidem⁵
1131 1135 1210 1199 erga
1230 1124 1382 1179 sanctum

216 1218 486 1284 deambulantem
509 1220 782 1303 constringentes,
797 1241 817 1284 a
832 1229 974 1303 quatuor
996 1220 1073 1284 viris
1093 1240 1188 1302 aeque
1211 1218 1383 1283 ambulan-

216 1323 305 1388 tibus
320 1324 507 1408 supportari
523 1324 692 1390 lecerunt:
715 1345 756 1390 ne
772 1324 925 1389 videlicet
945 1335 1079 1389 sanctus
1096 1325 1204 1388 senior
1219 1323 1384 1390 Columba

216 1428 366 1512 ejusdem
412 1429 549 1494 fratrum
595 1430 816 1495 multitudinis
858 1429 1101 1512 constipatione
1145 1428 1382 1493 molestaretur.

218 1532 347 1596 Eadem
373 1532 455 1597 hora
479 1533 615 1616 quidam
642 1532 739 1599 valde
765 1535 941 1617 despectus
964 1533 1057 1598 vultu
1088 1542 1122 1599 et
1152 1533 1276 1612 habitu,
1302 1552 1384 1616 puer

216 1634 395 1716 familiaris,
424 1645 458 1701 et
488 1637 629 1701 necdum
660 1637 844 1702 senioribus
870 1638 1013 1722 placens,
1039 1646 1134 1716 retro,
1160 1637 1193 1701 in
1221 1646 1382 1721 quantum

215 1740 320 1807 valuit
347 1761 383 1805 se
409 1740 588 1819 occultans,
610 1742 757 1820 accessit,
779 1750 817 1808 ut
837 1741 993 1808 videlicet
1014 1742 1066 1806 vel
1090 1741 1176 1808 illius
1202 1740 1384 1825 amphibali

217 1844 403 1924 fimbriam,⁶
421 1864 488 1930 quo
510 1845 560 1910 vir
580 1846 698 1910 beatus
720 1845 928 1926 induebatur,
950 1846 1088 1926 occulte,
1103 1847 1179 1912 etsi
1195 1846 1264 1912 fieri
1279 1845 1385 1931 possit

215 1950 290 2035 ipso
316 1950 484 2016 nescIente
509 1958 544 2014 et
570 1969 638 2016 non
668 1951 841 2031 sentiente,
867 1961 1027 2036 tangeret
1084 1951 1151 2018 Sed
1178 1950 1242 2017 hoc
1270 1960 1384 2016 tamen

218 2054 379 2121 Sanctum
407 2074 474 2118 non
501 2053 607 2133 latuit,
632 2075 710 2119 nam
736 2055 827 2139 quod
855 2054 1080 2139 corporalibus
1106 2055 1210 2120 oculis
1236 2063 1324 2120 retro
1349 2074 1385 2118 se

217 2168 328 2223 actum
344 2157 463 2223 intueri
479 2177 546 2223 non
568 2160 687 2243 potuit,
702 2159 904 2243 spiritalibus
925 2160 1104 2244 perspexit
1150 2160 1253 2226 Unde
1274 2158 1386 2225 subito

218 2263 345 2341 restitit,
371 2272 507 2347 etpost
533 2283 569 2328 se
594 2265 781 2330 extendens
808 2284 956 2343 manum,
983 2265 1142 2329 cervicem
1169 2264 1261 2347 pueri
1285 2272 1386 2342 tenet,

217 2367 393 2451 ipsumque
408 2367 543 2431 trahens
558 2375 637 2433 ante
660 2367 777 2432 faciem
794 2387 890 2434 suum
910 2369 1034 2433 statuit
1081 2366 1313 2452 Omnibusque
1328 2366 1386 2449 qui

217 2470 340 2536 ibidem
379 2470 648 2551 circumstabant,
687 2472 884 2552 dicentibus,
921 2472 1074 2551 Dimitte,
1107 2473 1248 2550 dimitte,
1284 2492 1386 2554 quare

217 2575 305 2639 hunc
335 2574 499 2640 infelicem
529 2584 564 2640 et
593 2576 788 2659 injuriosum
819 2577 940 2641 retines
970 2583 1136 2661 puerum?
1193 2576 1337 2642 Sanctus
1367 2596 1386 2640 e

217 2688 332 2742 contra
346 2677 419 2743 haec
441 2691 546 2762 puro⁷
564 2688 697 2762 pectore
720 2680 822 2744 verba
843 2680 1011 2763 depromit
1031 2680 1247 2764 prophetica:
1271 2679 1386 2760 Sinite,

217 2782 341 2862 iratres,
364 2783 462 2848 sinite
492 2782 601 2849 modo.
657 2783 715 2850 Ad
746 2805 884 2869 puerum
915 2805 994 2849 vero
1027 2785 1124 2849 valde
1154 2782 1385 2849 tremefactum

217 2887 317 2953 dicit:
333 2885 423 2953 Ofili
438 2889 528 2971 aperi
544 2908 591 2965 os,
603 2897 636 2952 et
652 2889 782 2973 porrige
798 2889 953 2973 linguam
992 2888 1108 2971 Jussus
1123 2896 1194 2953 tum
1208 2907 1297 2972 puer,
1309 2908 1385 2954 cum

217 2990 343 3074 ingenti
359 2998 503 3055 tremore
524 2991 676 3075 aperiens
691 3012 737 3070 os,
753 2992 902 3076 linguam
921 2992 1072 3075 porrexit
1086 3013 1094 3073 ;
1115 3011 1217 3075 quam
1234 2991 1387 3070 Sanctus,

217 3101 366 3158 sanctam
379 3095 566 3158 extendens
576 3114 723 3174 manum,
732 3095 908 3179 diligenter
919 3095 1127 3174 benedicens,
1137 3096 1185 3160 ita
1194 3094 1387 3180 prophetice

217 3197 373 3281 profatur,
391 3197 527 3262 dicens:
559 3198 626 3262 Hic
652 3219 734 3283 puer
759 3199 912 3281 quamvis
937 3198 1033 3264 vobis
1060 3219 1148 3264 nunc
1173 3199 1386 3282 despicabilis

217 3308 251 3363 et
265 3298 362 3364 valde
376 3299 451 3363 vilis
466 3301 625 3380 videatur,
641 3320 740 3365 nemo
755 3310 867 3366 tamen
884 3303 993 3386 ipsum
1010 3302 1054 3367 ob
1069 3302 1104 3367 id
1119 3302 1288 3386 despiciat
1328 3300 1386 3367 Ab

216 3403 279 3468 hac
305 3404 394 3467 enim
420 3402 503 3467 hora
530 3424 597 3469 non
624 3405 731 3470 solum
761 3404 858 3469 vobis
881 3425 948 3470 non
975 3407 1172 3490 displicebit,
1201 3407 1260 3470 sed
1290 3406 1389 3472 valde

217 3507 383 3591 placebit;
406 3507 568 3590 bonisque
591 3508 747 3587 moribus,
762 3519 796 3574 et
817 3511 939 3574 animae
962 3511 1138 3576 virtutibus
1160 3511 1322 3595 paulatim
1345 3511 1388 3576 de

218 3612 272 3675 die
295 3612 327 3674 in
351 3611 439 3676 diem
463 3622 609 3678 crescet:
631 3613 795 3697 sapientia
817 3634 950 3697 quoque
973 3624 1007 3679 et
1029 3616 1205 3698 prudentia
1227 3616 1333 3700 magis
1348 3635 1388 3680 ac

218 3714 326 3800 magis
341 3715 375 3779 in
391 3735 432 3780 eo
447 3714 491 3781 ab
506 3715 568 3780 hac
583 3717 638 3781 die
660 3718 889 3803 adaugebitur,
904 3727 938 3784 et
954 3718 988 3783 in
1004 3718 1066 3783 hac
1080 3728 1191 3784 vestra
1206 3739 1388 3804 congrega·

249 4016 331 4068 ⁴The
347 4025 465 4083 mmpen,
484 4017 582 4077 miscel,
601 4035 630 4069 or
646 4019 739 4082 uchel,
758 4035 809 4070 was
825 4017 890 4071 built
908 4020 937 4072 oi
951 4020 1034 4072 mixed
1050 4028 1134 4072 stoncs
1155 4022 1206 4072 and
1224 4020 1303 4072 earth.
1340 4020 1388 4071 See

220 4098 321 4150 Petrie's
332 4100 428 4150 Round
440 4101 544 4162 Torvers,
564 4116 607 4166 pp.
621 4102 738 4164 44o446.
778 4102 881 4153 Reeves'
898 4102 1045 4163 Adamas,
1065 4118 1090 4168 p.
1105 4115 1156 4164 ²43
1173 4101 1273 4154 Stolres’
1285 4102 1392 4151 lreland

218 4182 321 4233 audite
339 4182 415 4233 Celtic
433 4183 543 4245 cumt,
560 4199 601 4250 pp.
620 4182 744 4247 184-188;
760 4186 811 4235 and
829 4184 940 4250 whitley
958 4183 1057 4236 Stolces'
1078 4185 1217 4250 Tnpartite
1233 4183 1290 4249 Life
1306 4184 1337 4248 os
1348 4186 1385 4234 Se.

219 4265 329 4328 Patrue,
343 4265 371 4326 i.,
385 4281 410 4331 p.
424 4267 472 4317 clv.
485 4283 494 4328 ς
510 4267 564 4318 also
581 4267 659 4328 Bede,
672 4267 709 4319 ΙΙ.
723 4267 768 4328 E..
784 4267 841 4328 lV.,
858 4267 895 4328 18,
908 4268 960 4317 and
978 4268 1036 4317 Vita
1048 4268 1086 4319 St.
1102 4266 1241 4327 Cuthberti,
1254 4281 1276 4317 c.
1293 4274 1330 4329 17.

251 4347 319 4398 sDu
339 4347 425 4413 (Iunge
441 4349 555 4414 explains
573 4349 623 4400 this
643 4350 677 4415 by
693 4350 823 4411 monna,
847 4365 876 4399 or
899 4351 1024 4416 “cenopy
1039 4349 1067 4400 ol
1082 4348 1125 4402 the
1140 4347 1231 4400 ulter.”
1267 4348 1327 4400 “In
1346 4349 1389 4401 the

219 4439 318 4495 present
330 4429 469 4491 instance,”
480 4431 525 4481 Dr.
541 4431 638 4483 Reeves
649 4431 774 4491 observes,
791 4433 809 4458 ‘⁸
817 4431 836 4482 it
847 4430 938 4496 simply
949 4430 1060 4497 significa
1073 4433 1102 4480 ‘a
1113 4427 1229 4497 canopy!
1237 4426 1252 4452 '⁹

251 4514 326 4563 ⁶See
337 4513 380 4564 the
392 4513 447 4564 Life
459 4515 492 4578 by
503 4515 644 4576 Cummian,
658 4530 680 4566 c.
696 4527 735 4577 27,
750 4531 776 4565 n.
790 4527 813 4565 2.

255 4609 265 4646 7
280 4595 350 4646 With
362 4596 404 4647 the
415 4598 508 4648 second
519 4598 624 4663 syllable
634 4598 663 4648 ol
675 4597 725 4648 this
736 4596 806 4648 word
816 4596 859 4648 the
872 4595 966 4663 Regius
978 4597 1035 4648 MS.
1048 4594 1144 4662 begin.
