3226 5520
305 483 368 534 202
580 463 726 531 VITA
766 461 1072 530 11.-L1BER
1109 460 1200 528 111.

306 671 417 737 intulit
440 669 577 736 verbum
602 689 678 734 cum
703 668 883 754 gratiarum
905 669 1045 747 actione,
1067 667 1243 754 inquiens:
1263 667 1390 736 Valde
1412 689 1499 735 oon·

306 775 453 858 gratulor
475 775 557 842 meis
580 774 795 839 familiaribus
817 774 997 852 monachis,
1019 772 1182 856 quiahoc
1204 775 1315 839 etiam
1340 794 1449 853 anno,
1468 774 1499 840 si

305 898 474 962 quoquam
490 898 511 943 a
525 877 619 942 vobis
633 878 796 962 emigrare
810 896 865 942 me
879 877 1071 961 oportuerit,
1085 896 1235 943 annuum
1255 877 1498 945 sufficientem

306 983 472 1047 habebitis
494 1001 622 1065 panem.
669 982 747 1065 Quo
762 981 878 1046 audito
892 981 993 1045 verbo
1016 980 1214 1046 Diormitius
1237 982 1402 1048 minister
1415 983 1499 1048 tris·

307 1086 422 1152 tificari
438 1087 550 1170 coepit,
565 1095 599 1150 et
619 1086 666 1150 sic
688 1086 816 1150 dicere:
841 1085 952 1169 Hujus
967 1085 1045 1149 anni
1060 1094 1219 1169 tempore,
1235 1095 1348 1170 pater,
1364 1087 1497 1172 saepius

307 1210 368 1254 nos
383 1192 567 1268 contristas,
581 1191 660 1273 quia
681 1190 724 1254 de
746 1200 805 1253 tuo
827 1189 967 1253 transitu
986 1189 1101 1253 crebro
1115 1208 1378 1256 commemoras
1426 1190 1496 1257 Cui

307 1293 451 1360 Sanctus
473 1294 536 1358 hoc
558 1294 651 1358 dedit
674 1313 888 1376 responsum:
916 1292 1074 1376 Aliquem
1097 1312 1255 1357 arcanum
1279 1293 1400 1359 habeo
1421 1315 1493 1360 ser·

307 1398 501 1476 musculum,
513 1418 622 1480 quem,
634 1398 661 1461 si
678 1397 758 1461 mihi
771 1395 907 1461 firmiter
918 1396 1115 1480 promiseris,
1127 1397 1253 1462 nemini
1268 1408 1355 1464 ante
1371 1420 1492 1465 meum

306 1503 475 1567 denudare
490 1503 628 1581 obitum,
643 1503 687 1566 de
702 1521 778 1566 meo
792 1502 851 1566 tibi
870 1521 1003 1585 egressu
1020 1501 1144 1584 aliquid
1168 1502 1387 1570 manifestius
1409 1505 1491 1570 inti·

308 1627 399 1671 mare
420 1616 544 1690 potero.
591 1606 702 1689 Quam
718 1625 794 1670 cum
811 1605 912 1670 talem
929 1607 1078 1671 minister
1099 1607 1371 1689 promissionem,
1383 1608 1492 1693 juxta

306 1711 513 1775 voluntatem
537 1710 662 1786 Sancti,
685 1709 781 1774 flexis
803 1710 952 1793 genibus,
971 1710 1189 1788 terminasset,
1202 1710 1255 1775 vir
1268 1712 1490 1778 venerandus

306 1824 546 1898 consequenter
571 1815 617 1878 sic
648 1813 815 1898 profatur:
851 1814 936 1878 Haec
964 1814 996 1878 in
1023 1814 1123 1878 sacris
1148 1814 1382 1881 voluminibus
1412 1817 1489 1882 dies

306 1919 482 1983 sabbatum
509 1926 727 2002 nuncupatur,
751 1918 841 1999 quod
866 1918 1107 2001 interpretatur,
1129 1917 1267 2000 requies
1327 1920 1377 1986 Et
1401 1920 1488 1987 mihi

307 2044 383 2087 vere
420 2031 470 2087 est
510 2022 686 2086 sabbatum
728 2021 799 2085 haec
840 2021 1009 2100 hodierna,
1044 2021 1124 2104 quia
1164 2022 1264 2106 hujus
1304 2026 1488 2108 praesentis

308 2129 480 2192 laboriosae
496 2128 574 2192 vitae
590 2127 669 2190 mihi
685 2126 803 2190 ultima
819 2134 878 2203 est,
893 2126 927 2189 in
942 2145 1009 2210 qua
1024 2135 1100 2208 post
1116 2144 1207 2190 meas
1229 2125 1486 2195 laborationum

308 2232 477 2296 molestias
489 2232 661 2296 sabbatizo
673 2253 681 2310 ;
700 2240 734 2295 et
746 2230 808 2293 hac
820 2231 971 2314 sequenti
984 2231 1095 2294 media
1105 2230 1285 2295 venerabili
1298 2231 1487 2299 Dominica

308 2347 427 2414 nocte,⁴
441 2338 624 2400 secundum
647 2334 778 2418 eloquia
802 2334 1055 2417 scripturarum,
1074 2342 1206 2416 patrum
1228 2334 1367 2417 gradiar
1384 2336 1485 2403 viam

309 2440 362 2504 Ita
377 2440 465 2504 enim
483 2439 650 2503 Dominus
672 2458 766 2503 meus
788 2438 885 2520 Jesus
907 2436 1058 2502 Christus
1077 2456 1131 2500 me
1145 2436 1286 2501 invitare
1300 2438 1486 2522 dignatur;

308 2545 350 2609 ad
381 2564 490 2629 quem,
517 2544 662 2627 inquam,
692 2542 755 2607 hac
785 2542 954 2606 mediante
983 2549 1090 2619 nocte,
1120 2541 1194 2625 ipso
1222 2562 1278 2608 me
1307 2543 1487 2624 invitante,

308 2648 486 2732 emigrabo.
543 2647 599 2713 Sic
626 2647 715 2711 enim
743 2647 824 2710 mihi
854 2647 897 2710 ab
926 2645 1000 2730 ipso
1031 2645 1179 2710 Domino
1204 2645 1393 2714 revelatum
1423 2658 1484 2715 est.

311 2753 396 2817 Haec
413 2762 529 2817 maesta
550 2751 698 2817 minister
713 2752 851 2816 audiens
866 2751 975 2829 verba,
991 2750 1093 2834 coepit
1108 2770 1220 2815 amare
1234 2750 1321 2818 flere
1371 2753 1486 2840 Quem

310 2858 453 2925 Sanctus
468 2858 502 2920 in
518 2867 680 2940 quantum
696 2857 806 2940 potuit
820 2855 982 2921 consolari
998 2856 1188 2920 conabatur.

353 2964 433 3027 Post
459 2963 531 3026 haec
558 2962 702 3029 Sanctus
728 2961 881 3025 horreum
909 2960 1085 3044 egreditur,
1109 2968 1144 3024 et
1169 2958 1213 3024 ad
1238 2963 1485 3029 monasterium

309 3078 483 3144 revertens,
503 3068 612 3131 media
636 3066 757 3130 residet
779 3067 841 3143 via,
864 3065 897 3127 in
920 3084 987 3146 quo
1011 3063 1084 3127 loco
1106 3073 1224 3146 postea
1244 3084 1339 3143 crux,
1365 3067 1485 3132 molari

310 3172 414 3235 infixa
430 3172 545 3254 lapidi⁵
559 3172 724 3253 hodieque
739 3181 840 3248 stans,
853 3171 884 3232 in
902 3169 1050 3250 margine
1063 3168 1206 3232 cernitur
1217 3169 1288 3232 viae.
1321 3170 1487 3256 Dumque

310 3278 433 3340 ibidem
451 3276 603 3354 Sanctus,
616 3286 652 3339 ut
669 3274 825 3357 praelatus
841 3295 923 3349 sum,
936 3275 1028 3336 senio
1042 3272 1153 3351 lessus,
1166 3273 1339 3355 paululum
1353 3279 1486 3357 sedens,

310 3382 536 3463 requiesceret,
553 3401 628 3443 ecce
644 3381 738 3443 albus
754 3381 893 3443 occurrit
910 3379 1065 3455 caballus
1081 3378 1238 3441 obediens
1260 3380 1412 3460 servitor,
1427 3384 1485 3465 qui

309 3487 433 3549 scilicet
449 3486 584 3549 lactaria
604 3485 773 3548 bocetum6
787 3485 872 3547 inter
887 3493 920 3547 et
944 3483 1180 3546 monasterium
1196 3483 1331 3546 vascula
1350 3498 1486 3568 gestare

309 3599 531 3653 consueverat.
573 3589 639 3652 Hic
654 3591 696 3652 ad
715 3588 875 3654 Sanctum
892 3589 1060 3664 accedens
1078 3589 1196 3651 mirum
1212 3588 1314 3666 dictu,
1330 3604 1436 3674 caput
1452 3593 1485 3656 in

310 3695 383 3756 sinu
408 3694 479 3775 ejus
504 3713 640 3775 ponens,
665 3702 701 3756 ut
725 3694 825 3756 credo
847 3692 1028 3774 inspirante
1055 3692 1138 3768 De0,
1156 3691 1208 3755 cui
1232 3712 1334 3756 omne
1357 3698 1487 3762 animal

309 3798 456 3861 brutum⁷
479 3797 565 3879 sapit
589 3816 686 3858 sensu
710 3815 777 3878 quo
796 3795 932 3877 jusserit
956 3796 1026 3878 ipse
1050 3795 1195 3873 Creator,
1215 3795 1396 3864 dominum
1414 3822 1435 3865 a
1450 3823 1487 3867 sc

310 3923 406 3966 suum
431 3922 512 3965 mox
536 3901 781 3983 emigraturum,
805 3910 838 3964 et
861 3902 969 3982 ipsum
993 3901 1079 3964 ultra
1102 3920 1168 3963 non
1191 3900 1340 3966 visurum
1367 3906 1490 3987 sciens,

309 4008 411 4089 coepit
435 4007 599 4089 plangere,
616 4005 834 4087 ubertimque,
849 4006 943 4088 quasi
959 4005 1070 4082 hom0‚
1086 4005 1248 4088 lacrymas
1264 4006 1298 4068 in
1316 4012 1488 4090 gremium

341 4248 353 4283 4
367 4230 434 4279 That
446 4229 474 4288 is,
490 4228 531 4277 the
544 4227 616 4291 night
629 4227 763 4292 preceding
776 4228 886 4292 Sunday.

342 4327 353 4364 s
366 4311 510 4375 According
522 4319 548 4360 to
560 4311 588 4360 C.
605 4312 681 4360 lnnes
693 4311 721 4359 in
733 4328 749 4360 a
760 4327 848 4376 quern,
863 4311 907 4361 but
924 4310 1059 4379 according
1071 4318 1096 4361 to
1108 4309 1152 4362 Dr.
1168 4310 1265 4362 Reeves
1277 4326 1349 4364 more
1362 4317 1494 4385 probably

307 4411 323 4446 a
335 4393 459 4444 millstone
471 4392 500 4442 oi
508 4392 588 4457 larger
599 4392 760 4443 dimensione.

339 4477 352 4516 ⁶
365 4476 389 4525 A
401 4475 460 4539 byre
472 4490 501 4524 or
511 4474 651 4526 cowbouse.

340 4573 352 4611 ⁷
365 4573 455 4620 rerum,
468 4557 500 4610 Α.
