3226 5520
848 468 996 537 VITA

705 789 908 857 CAPUT
947 792 1135 858 XXIII.

834 945 1016 1013 Humatio.¹

344 1096 512 1162 INTEREA
532 1107 609 1183 post
627 1119 795 1184 egressum
811 1110 936 1167 sanetae
957 1103 1086 1183 animae,
1101 1103 1235 1187 hymnis
1250 1100 1503 1167 matutinalibus

342 1202 535 1281 terminatis,
546 1223 674 1268 sacrum
691 1225 809 1289 corpus
823 1207 866 1271 de
881 1207 1020 1272 ecclesia
1030 1209 1073 1273 ad
1089 1208 1280 1293 hospitium,
1293 1226 1370 1271 cum
1381 1225 1503 1271 canora

342 1304 479 1371 fratrum
503 1307 690 1391 psalmodio
720 1320 913 1394 reportatur,
945 1310 1001 1376 ubi
1030 1312 1132 1376 etiam
1158 1311 1261 1376 ternis
1283 1309 1401 1375 diebus
1425 1328 1501 1373 cum

341 1409 482 1473 totidem
498 1411 651 1476 noctibus
674 1412 885 1478 honorabiles
898 1416 1051 1498 exequiae
1066 1415 1127 1481 rite
1142 1414 1327 1499 explentur.
1371 1410 1503 1496 Quibus

342 1513 375 1575 in
399 1513 463 1578 Dei
479 1512 633 1579 laudibus
647 1517 833 1582 terminatis
855 1529 1006 1584 sanetum
1029 1538 1149 1604 corpus
1169 1519 1302 1584 mundis
1316 1517 1502 1583 involutum

341 1617 535 1682 sindonibus
556 1638 632 1684 curn
654 1622 768 1687 debita
788 1624 1001 1689 veneratione
1021 1624 1187 1704 humatur,
1209 1621 1356 1690 aeternali
1372 1621 1502 1687 claritu-

341 1720 419 1785 dine
432 1723 634 1806 quandoque
649 1735 911 1792 resurrecturum.

716 2086 743 2152 C
756 2086 789 2151 A
803 2086 828 2150 P
841 2086 875 2153 U
888 2085 919 2149 T
956 2086 989 2150 Χ
1002 2085 1035 2151 Χ
1050 2085 1064 2149 Ι
1077 2085 1128 2152 V.

346 2239 528 2324 Tempestas
541 2241 658 2306 accriir‘t
670 2242 782 2307 dr'ebrrs
794 2241 1017 2326 m'quehlibus,
1026 2241 1110 2306 sicut
1124 2241 1266 2307 Sanctus
1271 2240 1492 2325 praemere·

343 2395 454 2462 Ultus
476 2394 565 2459 enim
589 2395 768 2478 aliquando
797 2395 935 2461 fratrum
962 2397 1004 2462 ad
1036 2395 1216 2462 Sanctum:
1247 2394 1364 2473 Totus,
1387 2394 1504 2479 inquit,

341 2499 584 2584 provinciarum
610 2501 753 2585 populus
783 2512 859 2585 post
885 2500 1013 2566 obitum
1045 2509 1139 2566 tuum
1164 2499 1206 2565 ad
1230 2508 1305 2565 tuas
1329 2500 1504 2564 conveniet

341 2605 509 2688 exequias.
555 2603 642 2684 Non,
675 2605 722 2670 ait
757 2605 909 2684 Sanctus,
934 2614 972 2671 ut
995 2605 1138 2689 loqueris
1167 2605 1214 2670 ita
1245 2622 1297 2668 res
1329 2602 1504 2688 probabit:

341 2728 419 2773 nam
435 2707 659 2791 promiscuum
674 2708 793 2794 vulgus
815 2729 882 2774 non
909 2709 991 2774 meis
1013 2717 1125 2794 presto
1140 2707 1203 2797 erit
1216 2707 1387 2793 exequiis:
1409 2705 1506 2773 sami·

341 2812 437 2877 lieres
453 2812 517 2877 mei
531 2813 742 2878 solummodo
752 2814 906 2879 monachi
917 2812 1136 2898 sepulchralia
1147 2810 1370 2896 complebunt,
1379 2819 1414 2876 et
1424 2831 1504 2876 exe-

341 2918 464 3001 quialia
487 2918 596 2983 officio
618 2919 850 2983 honestabunt
911 2918 1011 3004 Quod
1035 2918 1082 2982 ita
1104 2916 1228 2983 iactum
1251 2923 1312 2994 est,
1344 2934 1422 2980 nam
1444 2936 1505 2999 per

341 3031 407 3088 tres
431 3023 504 3087 illas
526 3021 718 3106 exequiales
740 3023 811 3087 dies
834 3031 868 3088 et
891 3030 1005 3087 noctes
1027 3022 1163 3106 grandis
1183 3021 1255 3084 sine
1277 3019 1390 3104 pluvia
1415 3018 1504 3085 facta

341 3136 392 3190 est
414 3135 552 3191 ventosa
576 3137 777 3210 tempestas:
811 3147 878 3209 qua
901 3126 1097 3210 prohibente
1121 3125 1229 3190 nullus
1256 3124 1504 3208 transnavigare

341 3229 478 3312 pelagus
494 3230 603 3313 potuit
619 3230 788 3307 navicella,
803 3240 841 3294 ut
855 3230 915 3294 viri
933 3230 997 3293 Dei
1013 3230 1131 3293 ultima
1146 3228 1326 3293 celebraret
1337 3226 1503 3310 obsequia

341 3332 481 3415 Sepulto
503 3333 646 3418 denique
670 3333 803 3412 Sancto,
826 3343 928 3398 vento
950 3342 1100 3398 cessante
1115 3342 1149 3397 et
1164 3334 1281 3398 sedata
1295 3340 1503 3415 tempestate,

340 3437 536 3520 quieverunt
550 3439 650 3502 undae
667 3438 824 3502 marinae:
845 3437 951 3522 gloria
966 3438 1026 3502 tibi
1043 3438 1198 3503 Domine.
1244 3436 1364 3501 Amen

739 3793 932 3860 CAPUT
979 3794 1114 3859 XXV.

340 3964 431 4031 Laus
448 3965 625 4031 columbas
657 3967 830 4031 Mortuum
846 3968 1019 4032 resrrscitat.
1054 3967 1157 4051 Lapis
1169 3967 1339 4032 mirabilis.
1373 3967 1504 4051 Apnem

426 4070 519 4134 verbo
533 4069 653 4133 eccidit.
708 4070 825 4135 Vaccas
839 4072 997 4136 benedicit.
1034 4072 1179 4136 Animas
1194 4072 1230 4136 r'n
1243 4072 1353 4136 coelum
1369 4083 1506 4155 receptas

426 4172 519 4237 vidit.
568 4171 719 4238 Oswaldo
733 4174 820 4257 Regi
832 4185 970 4259 apparet.
1014 4174 1066 4239 De
1080 4175 1213 4240 Aidane
1227 4174 1314 4259 Rege
1320 4175 1478 4258 prodiet.

341 4347 569 4410 PERPENDAT
593 4345 706 4431 itaque
729 4347 832 4412 lector
846 4348 961 4430 quanti
986 4348 1157 4432 qualisque
1173 4347 1280 4413 meriti
1298 4355 1376 4412 ante
1392 4347 1503 4411 Deum

373 4594 382 4621 ¹
396 4580 506 4634 Adamo.
522 4580 584 4642 111,
599 4593 637 4647 23
826 4598 838 4628 a
853 4581 1048 4651 Ibid.111.,23.
1245 4597 1257 4635 ³
1271 4583 1336 4637 ibid.
1352 4582 1415 4645 111..
1428 4595 1468 4652 ²3·
