3226 5520
598 483 910 555 COLUMBAE.
1276 501 1334 569 143

146 746 149 759 ,
171 688 531 772 Bomrepenentes,ad
543 699 664 755 terram
676 700 858 758 traxerunt.
890 691 930 755 In
942 690 994 757 his
1005 691 1134 758 duabus
1146 691 1337 757 memoratis

170 792 417 877 piscationibus,
447 793 596 859 miraculi
629 804 768 879 apparet
796 794 901 861 virtus
937 804 972 862 et
1008 795 1203 880 prophetica
1237 795 1336 863 amul

171 898 378 981 praescientia
403 899 570 980 comitata,
592 919 653 983 pro
674 899 796 983 quibus
818 898 962 967 Sanctus
984 909 1019 966 et
1033 900 1113 966 socii
1136 901 1212 966 Deo
1226 909 1337 985 grates

171 1003 313 1067 eximias
328 1004 551 1070 reddiderunt

588 1540 791 1609 CAPUT
828 1540 918 1607 XX.

169 1796 223 1861 De
242 1795 375 1861 Nerone
393 1816 492 1863 curvo
510 1796 571 1880 qui
590 1796 626 1860 in
647 1817 686 1861 ea
707 1797 834 1881 regione
854 1796 1103 1863 conversabatur
1119 1817 1190 1883 qua
1209 1796 1337 1883 stagno

525 1901 685 1985 Aporum¹
709 1911 758 1967 est
777 1901 980 1967 conamina.

172 2137 246 2206 ch
272 2137 435 2216 Nesanus,
458 2158 535 2204 cum
562 2148 650 2205 esset
670 2139 769 2205 valde
792 2138 897 2224 inops,
919 2147 1070 2206 sanctum
1095 2139 1162 2205 alio
1186 2148 1337 2224 tempore

169 2244 354 2327 gaudenter
367 2243 513 2327 hospitio
528 2244 652 2327 recepit
666 2244 780 2308 virum.
825 2243 889 2310 Cui
903 2264 979 2309 cum
995 2244 1202 2328 hospitaliter
1221 2265 1336 2309 secun-

170 2347 250 2412 dum
276 2349 371 2428 vires,
396 2349 495 2413 unius
521 2348 627 2413 noctis
658 2349 768 2432 spatio
794 2349 1020 2426 ministrasset,
1051 2349 1194 2415 Sanctus
1223 2349 1268 2414 ab
1296 2368 1338 2413 eo

168 2452 312 2536 inquirit,
338 2453 432 2536 cujus
461 2451 597 2518 boculas
623 2453 751 2518 numeri
777 2453 920 2518 haberet
982 2453 1045 2518 Ille
1073 2454 1140 2518 ait:
1171 2452 1335 2537 Quinque

170 2553 314 2621 Sanctus
334 2563 595 2637 consequenter:
618 2553 675 2619 Ad
699 2575 761 2634 me,
783 2555 839 2634 ait,
861 2556 979 2634 adduc,
994 2565 1032 2620 ut
1053 2576 1110 2620 eas
1132 2556 1335 2621 benedicam.

169 2657 300 2742 Quibus
322 2658 484 2736 adductis,
499 2668 534 2723 et
556 2657 684 2723 elevata
707 2678 807 2722 manu
830 2669 946 2724 sancta
968 2658 1172 2724 benedictis:
1195 2658 1253 2724 Ab
1274 2659 1337 2723 hac

169 2762 224 2826 die
238 2771 306 2826 tuae
327 2761 478 2846 pauculae
492 2761 640 2845 quinque
660 2763 806 2828 vacculae
828 2773 983 2842 crescent,
999 2763 1047 2828 ait
1064 2763 1217 2842 Sanctus,
1231 2784 1337 2847 usque

169 2866 212 2930 ad
238 2875 372 2931 centum
399 2874 435 2932 et
459 2867 606 2951 quinque
631 2888 805 2933 vaccarum
831 2887 1014 2934 numerurm
1072 2868 1118 2933 Et
1142 2869 1221 2953 quia
1246 2869 1336 2933 idem

169 2968 324 3034 Nesanus
347 2969 449 3033 homo
464 2969 612 3053 plebeius
635 2980 714 3050 erat,
729 2991 805 3036 cum
828 2991 934 3037 uxore
955 2981 990 3036 et
1005 2969 1088 3051 filiis,
1103 2971 1167 3035 hoc
1189 2971 1289 3036 etiam
1306 2972 1336 3036 ei

168 3073 218 3139 vir
232 3075 350 3139 beatus
362 3074 602 3139 benedictionis
614 3085 831 3158 augmentum
843 3075 964 3153 intulit,
975 3075 1089 3139 dicens
1103 3098 1111 3140 :
1134 3075 1208 3140 Erit
1222 3094 1336 3140 semen

168 3186 262 3242 tuum
289 3179 323 3242 in
351 3177 425 3242 filiis
451 3187 485 3242 et
511 3180 688 3263 nepotibus
713 3180 934 3244 benedictum.
980 3179 1067 3264 Quae
1092 3179 1205 3243 omnia
1230 3179 1336 3263 plene,

166 3280 268 3366 juxta
280 3282 419 3348 verbum
435 3281 561 3361 Sancti,
575 3282 646 3347 sine
661 3282 728 3349 ulla
743 3284 881 3368 expleta
895 3292 973 3349 sunt
988 3283 1226 3349 imminutione

214 3385 281 3452 'De
303 3387 449 3470 quodam
473 3407 551 3452 vero
573 3388 676 3453 divite
699 3389 920 3467 tenacissimo,
943 3387 1078 3454 nomine
1101 3387 1256 3472 Uigenio,
1278 3388 1335 3472 qui

169 3502 320 3556 sanctum
343 3489 508 3557 Columba
530 3492 737 3576 despexerat,
753 3512 814 3557 nec
836 3513 912 3558 eum
935 3493 1082 3577 hospitio
1103 3493 1235 3577 recepit,
1250 3492 1336 3557 hanc

168 3595 375 3661 econtrario
397 3595 534 3679 protulit
560 3595 789 3679 prophetalem
816 3596 1025 3676 sententiam,
1047 3595 1218 3680 inquiens:
1242 3596 1336 3661 iliius

168 3711 281 3765 autem
311 3698 400 3764 avari
429 3699 563 3778 divitiae,
592 3699 649 3782 qui
680 3698 848 3766 Christum
879 3698 912 3764 in
943 3699 1123 3783 peregrinis
1149 3699 1336 3784 hospitibus

168 3803 300 3889 sprevit,
330 3803 374 3868 ab
402 3803 465 3868 hac
502 3803 557 3868 die
589 3802 751 3887 paulatim
788 3803 1033 3884 imminuentur,
1058 3812 1093 3870 et
1122 3804 1165 3869 ad
1195 3805 1334 3869 nihilum

167 3908 380 3992 redigentur;
405 3916 439 3972 et
462 3906 532 3990 ipse
555 3907 779 3988 mendicabit;
805 3917 840 3972 et
861 3905 947 3974 filius
966 3908 1038 3993 ejus
1056 3928 1132 3975 cum
1147 3910 1335 3974 semivacua

168 4013 329 4078 dedomo
344 4011 377 4076 in
393 4012 531 4078 domum
547 4010 662 4095 perula
676 4012 836 4078 discurret
850 4034 859 4093 ;
880 4020 924 4090 et,
938 4012 983 4079 ab
996 4013 1110 4097 aliquo
1123 4012 1195 4098 ejus
1213 4014 1335 4080 aemulo

199 4347 281 4402 s'rhe
293 4347 375 4414 noyte
387 4346 459 4401 river.

167 4467 365 4603 naboccxmbep,
379 4464 1010 4536 hotproputyurrpsnottactuilettchlin
1025 4466 1335 4524 utmroetwuthn

361 4565 425 4616 «τι.
