3226 5520
643 482 910 559 NINIANI.
1324 501 1360 571 13

195 702 393 766 candidatus
415 704 561 786 suscepit
583 703 819 768 inmaculatam
842 723 1050 780 conservans,
1070 704 1176 767 victor
1197 703 1361 780 vitiorum,

197 803 328 884 Christi,
344 826 417 871 eam
439 808 672 890 conspectibus
695 808 931 891 praesentauit3
955 829 993 871 ac
1018 809 1178 890 Spiritum
1200 808 1360 873 Sanctum

195 929 294 992 quem
322 912 466 994 primum
490 912 606 976 habuit
630 915 873 990 mundatorem,
899 912 1115 976 sanctissimis
1142 911 1289 975 moribus
1312 911 1361 974 sui

195 1015 277 1076 sacri
309 1016 451 1097 pectoris
479 1015 600 1079 habere
628 1016 747 1080 meruit
776 1016 1017 1080 illustratorem.
1080 1016 1188 1098 lpsius
1218 1034 1363 1096 namque

196 1118 387 1200 magisterio
402 1119 492 1201 quod
512 1120 712 1184 contrarium
737 1120 896 1203 religioni,
912 1121 1000 1203 quod
1017 1121 1161 1183 castitati
1178 1119 1363 1195 adversum,

195 1224 284 1304 quod
298 1223 394 1286 bonis
407 1224 607 1286 contrarium
618 1225 774 1301 moribus,
783 1225 873 1306 quod
887 1224 1014 1307 legibus
1024 1225 1172 1288 veritatis
1182 1224 1363 1298 dissonum,

195 1326 303 1390 adhuc
320 1348 408 1409 puer,
424 1329 482 1391 sed
500 1348 565 1391 non
581 1347 678 1392 sensu
696 1329 821 1410 puerili,
836 1328 1015 1391 exhorruit.
1069 1326 1170 1409 Quod
1187 1347 1264 1390 vero
1280 1326 1363 1408 legis

196 1440 275 1507 erat,
291 1432 381 1513 quod
405 1432 531 1514 gratiae,
549 1433 639 1514 quod
662 1432 855 1508 honestatis,
878 1433 967 1514 quod
991 1431 1073 1494 utile
1094 1432 1258 1514 proxim0,
1273 1429 1363 1513 quod

196 1545 327 1616 gratum
353 1536 436 1613 De0,
456 1536 551 1599 senili
576 1536 646 1618 jam
671 1548 782 1599 mente
805 1535 958 1598 excolere
981 1555 1047 1598 non
1071 1535 1219 1598 cessavit.
1266 1534 1363 1597 Felix

196 1638 289 1720 cujus
305 1639 459 1702 voluntas
471 1638 533 1702 fuit
549 1640 581 1701 in
597 1641 668 1721 lege
681 1639 818 1702 Domini
830 1640 883 1702 die
896 1660 934 1701 ac
946 1649 1052 1715 nocte,
1061 1639 1118 1720 qui
1134 1649 1293 1720 tanquam
1303 1636 1363 1719 lig·

197 1760 275 1803 num
292 1741 383 1823 quod
400 1741 569 1823 plantatur
587 1762 681 1805 secus
703 1743 859 1804 decursus
877 1762 1036 1824 aquarum
1061 1742 1202 1805 fructum
1222 1741 1315 1804 dedit
1331 1740 1363 1802 in

196 1854 345 1927 tempore
362 1847 445 1922 suo,⁶
458 1865 533 1908 cum
551 1845 584 1907 in
600 1856 700 1909 aetate
716 1845 798 1908 virili
822 1856 954 1909 strenue
973 1845 1112 1928 inpleret
1127 1846 1217 1927 quod
1234 1863 1365 1907 summa

196 1968 271 2012 cum
285 1949 462 2013 devotione
478 1950 650 2013 didicerat.
696 1948 783 2012 Mira
799 1949 845 2012 illi
861 1950 946 2013 circa
958 1950 1114 2012 ecclesias
1129 1950 1271 2026 devotio,
1283 1949 1365 2011 mira

196 2053 282 2116 circa
294 2055 400 2116 socios
415 2053 556 2117 dilectio.
584 2055 621 2116 ln
635 2053 710 2117 cibo
722 2054 859 2130 sobrius,
869 2074 987 2136 parcus
1004 2055 1035 2116 in
1048 2053 1165 2130 verbis,
1175 2054 1207 2116 in
1224 2053 1365 2116 lectione

197 2159 358 2235 assiduus,
373 2170 487 2240 gratus
504 2159 659 2233 moribus,
672 2158 738 2240 joci
761 2157 941 2233 abstinens,
957 2167 991 2220 et
1006 2158 1134 2240 spiritui
1151 2177 1281 2238 semper
1296 2175 1363 2219 car·

197 2280 273 2324 nem
295 2262 467 2325 subiciens.
516 2263 621 2344 Igitur
644 2263 676 2324 in
701 2262 870 2344 scripturis
892 2261 992 2324 sacris
1016 2261 1191 2323 intendens
1207 2261 1365 2337 animum,

196 2385 271 2428 cum
298 2385 317 2427 a
344 2366 553 2448 peritioribus
577 2366 763 2448 quibusque
790 2366 899 2448 gentis
927 2387 996 2429 suae
1027 2367 1112 2443 viris,
1136 2364 1211 2428 fidei
1236 2365 1365 2447 regulas

196 2488 311 2531 eorum
336 2489 427 2531 more
449 2470 643 2547 didicisset;
670 2470 836 2533 intellexit
857 2469 1074 2533 adholescens
1090 2470 1218 2552 sagacis
1241 2469 1365 2551 ingenii

196 2572 378 2636 secundum
396 2592 539 2650 sensum,
554 2593 652 2655 quem
670 2573 886 2656 inspiratione
907 2574 1019 2637 divina
1042 2595 1087 2637 ex
1109 2574 1279 2656 scripturis
1295 2574 1366 2655 ipsc

196 2686 401 2758 conceperat,
418 2676 522 2739 multa
538 2677 601 2739 illis
617 2678 660 2740 ad
677 2677 913 2758 perlectionem
930 2679 1053 2742 deesse.
1101 2677 1190 2741 Hinc
1207 2677 1366 2741 fluctuare

197 2781 310 2844 animo
331 2780 444 2863 coepit,
459 2802 559 2863 seque
583 2781 667 2845 insra
693 2781 875 2864 perlectum
906 2803 972 2845 non
996 2783 1171 2858 sustinens,
1193 2781 1366 2859 aestuabat,

197 2883 384 2965 suspirabat
397 2905 405 2961 ;
427 2884 593 2948 concaluit
609 2885 743 2967 insuper
758 2905 814 2949 cor
829 2885 900 2967 ejus
917 2885 1002 2948 intra
1017 2904 1103 2958 eum,
1118 2895 1152 2947 et
1168 2884 1200 2947 in
1226 2886 1364 2949 medita·

197 2987 288 3050 tione
311 2987 383 3068 ejus
407 2989 532 3051 exarsit
559 2988 665 3070 ignis!
704 2988 749 3051 Et
773 2988 863 3070 quid,
888 2989 1003 3071 inquit,
1027 2986 1170 3051 faciam?
1217 2989 1254 3052 ln
1280 2999 1367 3052 terra

198 3111 272 3154 mea
287 3092 423 3173 quaesivi
440 3112 540 3175 quem
562 3091 670 3174 diligit
686 3093 798 3155 anima
816 3112 898 3168 mea,
914 3101 948 3155 et
964 3112 1029 3155 non
1048 3092 1165 3155 inveni.
1213 3095 1366 3175 Surgam,

197 3195 342 3259 circuibo
358 3216 448 3259 mare
463 3208 496 3259 et
509 3196 647 3272 aridam,
659 3217 806 3279 quaeram
824 3198 996 3259 veritatem
1012 3216 1113 3279 quam
1130 3197 1239 3278 diligit
1254 3198 1366 3261 anima

198 3299 307 3363 mea⁸
356 3299 452 3362 ltane
482 3301 584 3362 tantis
614 3319 698 3381 opus
729 3305 805 3362 est?
865 3300 985 3364 Nonne
1018 3299 1117 3363 Petro
1150 3300 1276 3364 dictum
1306 3311 1366 3378 est,

197 3414 232 3467 tu
250 3424 286 3466 es
305 3404 429 3480 Petrus,
446 3412 479 3466 et
501 3423 600 3487 super
615 3403 700 3466 hanc
716 3414 844 3485 petram
859 3402 1033 3467 aedificabo
1053 3404 1225 3468 ecclesiam
1248 3425 1366 3484 meam,

197 3518 231 3569 et
247 3517 352 3589 portae
368 3507 462 3570 inseri
479 3527 544 3571 non
562 3506 790 3590 praevalcbunt
801 3510 957 3571 adversus
972 3529 1046 3571 eam
1057 3513 1093 3572 ?⁹
1137 3509 1243 3592 lgitur
1255 3511 1286 3573 in
1301 3509 1366 3574 fide

199 3610 286 3673 Petri
317 3610 416 3673 nichil
443 3612 552 3675 minus
576 3622 635 3689 est,
667 3611 765 3674 nichil
796 3611 982 3688 obscurum,
1012 3612 1111 3675 nichil
1139 3612 1366 3694 inperfectum,

199 3713 297 3775 nichil
314 3715 489 3777 adversum
506 3715 596 3796 quod
613 3714 764 3777 doctrina
780 3734 923 3797 nequam
940 3717 1180 3798 sententiaeque
1195 3737 1366 3799 perversae,

198 3816 291 3899 quasi
318 3826 424 3899 portae
456 3815 559 3894 inferi,
582 3817 761 3899 praevalere
787 3817 960 3882 sufficiant
1017 3819 1062 3882 Et
1085 3820 1141 3884 ubi
1176 3819 1257 3884 fides
1278 3821 1365 3885 Petri

198 4091 224 4132 to
236 4082 278 4132 the
290 4081 388 4133 libertie
399 4082 428 4132 oi
437 4083 479 4133 the
491 4083 549 4149 hely
560 4085 645 4149 spreit.
660 4083 715 4136 that
732 4087 765 4138 he
781 4087 836 4137 suld
855 4087 911 4152 lyve
927 4104 974 4138 ane
986 4089 1104 4139 innocent
1117 4089 1166 4154 lyle
1177 4088 1211 4139 all
1224 4091 1265 4141 tbe
1276 4091 1331 4142 dair
1342 4092 1369 4143 ol

197 4164 236 4214 his
248 4164 305 4228 lyie,
323 4181 369 4228 aye
385 4165 456 4230 qubil
473 4166 505 4216 be
517 4181 573 4216 cum
586 4177 612 4216 to
624 4167 666 4218 the
684 4169 811 4234 jugement
822 4171 868 4220 seit
880 4170 909 4220 ol
917 4187 962 4220 our
973 4169 1108 4221 salviour.”
1140 4172 1252 4240 Archbp.
1268 4173 1367 4226 namu·

198 4246 263 4295 ton's
274 4246 426 4307 catechism,
440 4265 465 4312 p.
483 4259 535 4310 192.
572 4248 669 4300 Oxlord
683 4251 750 4300 Edit.

233 4329 305 4387 ⁶Pc,
319 4328 336 4378 i.
351 4340 375 4390 3.

232 4411 305 4470 tl's„
319 4411 403 4460 xxxix.
417 4426 441 4473 4.

234 4495 339 4553 ternu,
355 4494 390 4544 iii.
407 4506 427 4543 1.

238 4589 251 4627 9
265 4576 352 4635 Matr..
365 4576 414 4626 xvi.
433 4575 469 4626 18.
