3226 5520
652 483 961 554 COLUMBAE.
1326 498 1387 567 157

225 691 341 755 videns
363 700 479 756 contra
493 711 529 754 se
544 690 708 756 elementa
732 692 889 756 concitari
908 691 1059 770 furentia,
1073 691 1242 756 Christum
1259 691 1391 755 invocat

226 795 419 874 Dominum,
441 794 687 880 cimbulamque
712 797 902 874 ascendens,
926 796 1035 861 nautis
1058 794 1297 874 haesitantibus,
1320 794 1391 879 ipse

224 901 428 965 constantior
451 900 557 965 factus
580 901 690 965 velum
714 910 829 965 contra
851 909 987 964 ventum
1015 899 1111 983 jubet
1133 898 1266 983 subrigi.
1312 896 1390 981 Quo

224 1002 321 1083 sacto,
336 1005 428 1068 omni
453 1006 659 1087 inspectante
674 1005 779 1083 turba,
794 1004 962 1087 navigium
986 1003 1084 1068 flatus
1099 1013 1215 1067 contra
1235 1003 1391 1067 adversos

226 1110 308 1172 mira
323 1120 455 1173 vectum
480 1109 621 1173 occurrit
635 1107 817 1172 velocitate.
875 1108 920 1172 Et
936 1118 1012 1191 post
1034 1107 1122 1172 haud
1145 1108 1272 1190 grande
1292 1107 1390 1171 inter·

224 1210 348 1298 uallum
372 1211 462 1277 venti
486 1211 640 1276 contrarii
656 1211 699 1275 ad
722 1210 847 1275 itineris
873 1209 1054 1274 ministeria
1068 1229 1144 1273 curn
1167 1209 1315 1272 omnium
1331 1210 1392 1274 ad·

226 1315 400 1380 miratione
425 1323 640 1380 revertuntur.
697 1315 744 1379 Et
764 1314 811 1377 sic
831 1334 890 1397 per
915 1322 1020 1378 totam
1048 1311 1138 1377 illam
1165 1313 1253 1377 diem
1281 1311 1391 1377 flabris

225 1419 355 1484 lenibus
370 1420 524 1486 secundis
539 1419 704 1497 flantibus
715 1418 804 1483 beati
820 1417 931 1483 cimba
941 1418 1000 1482 viri
1013 1426 1165 1501 optatum
1182 1425 1336 1500 pervecta
1347 1417 1391 1481 ad

225 1532 358 1606 portum
375 1523 515 1609 appulsa
530 1533 588 1588 est
628 1523 816 1607 Perpendat
832 1522 944 1606 itaque
958 1520 1062 1586 lector
1076 1531 1220 1604 quantus
1235 1529 1269 1585 et
1284 1520 1391 1604 qualis

225 1623 313 1689 idem
341 1625 391 1689 vir
412 1626 628 1703 venerandus,
650 1624 684 1688 in
708 1643 777 1708 quo
799 1623 892 1688 Deus
918 1624 1140 1707 omnipotens,
1161 1621 1283 1687 talibus
1305 1643 1389 1708 prae·

224 1729 354 1812 scriptis
376 1727 609 1795 miraculorum
632 1728 818 1807 virtutibus,
832 1747 944 1793 coram
966 1726 1064 1812 plebe
1086 1725 1242 1812 gentilica
1263 1726 1390 1793 illustre

225 1853 322 1899 suum
338 1834 562 1901 manifestavit
578 1853 707 1899 nomen.

594 2245 620 2312 C
634 2243 669 2310 A
681 2244 707 2310 Ρ
720 2244 797 2313 UT
835 2245 868 2310 X
882 2245 915 2309 X
928 2245 961 2310 X
975 2244 1021 2310 V.

324 2431 377 2497 De
389 2442 561 2516 spontanea
576 2433 673 2517 regia
687 2431 879 2497 munitmm's
887 2441 989 2516 porta
1001 2431 1112 2497 subita
1124 2431 1291 2515 apertione.

226 2623 372 2687 AL10in
396 2632 554 2705 tempore,
569 2621 633 2687 hoc
650 2632 709 2699 est,
725 2623 758 2685 in
774 2621 882 2704 prima
907 2621 1021 2686 Sancti
1044 2619 1240 2704 fatigatione
1266 2621 1391 2685 itineris

225 2728 267 2790 ad
295 2747 406 2809 regern
438 2726 626 2804 Brudeum‚¹
640 2747 718 2790 casu
741 2726 882 2808 contigit
905 2734 943 2789 ut
970 2725 1057 2788 idem
1081 2744 1153 2803 rex,
1174 2724 1260 2789 fastu
1285 2726 1392 2791 elatus

225 2831 324 2913 regio,
339 2851 408 2895 suae
433 2827 803 2913 munitionis‚’'superbe
825 2848 938 2912 agens,
954 2829 986 2892 in
1010 2829 1119 2912 primo
1141 2829 1230 2893 beati
1246 2830 1391 2895 adventu

226 2933 294 3010 viri,
310 2953 376 2996 non
398 2935 541 3016 aperiret
566 2943 687 3017 portas.
744 2930 845 3016 Quod
868 2940 905 2996 ut
923 2933 1081 3016 cognovit
1101 2932 1204 2996 homo
1226 2931 1300 3012 Dei,
1315 2953 1391 2999 cum

226 3036 414 3100 comitibus³
427 3037 470 3100 ad
494 3036 608 3101 valvas
630 3045 801 3120 portarurn
824 3037 994 3113 accedens,
1009 3036 1042 3099 in
1065 3036 1181 3119 primis
1204 3035 1392 3101 Dominicae

225 3141 330 3204 crucis
354 3141 547 3224 imprimens
570 3141 712 3225 signum,
728 3148 799 3205 tum
824 3140 945 3204 deinde
967 3158 1103 3204 manum
1126 3139 1262 3223 pulsans
1277 3151 1393 3207 contra

224 3244 311 3308 ostia
336 3243 452 3327 ponit;
474 3264 549 3327 quae
575 3244 735 3308 continuo
750 3252 878 3327 sponte,
900 3252 987 3307 retro
1003 3244 1137 3309 retrusis
1160 3243 1288 3309 fortiter
1302 3245 1393 3325 seris,

225 3367 302 3411 curn
330 3349 422 3412 omni
452 3348 619 3413 celeritate
647 3357 773 3441 ¹aperta
801 3357 886 3412 sunt
946 3345 1078 3431 Quibus
1107 3348 1222 3413 statim
1258 3350 1392 3433 apertis,

226 3451 369 3518 Sanctus
394 3461 634 3536 consequenter
659 3472 735 3517 cum
766 3452 862 3516 sociis
888 3451 997 3516 intrat
1053 3450 1132 3536 Quo
1160 3452 1304 3537 cognito,
1329 3473 1391 3519 rex

225 3574 301 3619 cum
325 3564 442 3620 senatu
457 3555 555 3619 valde
577 3555 821 3639 pertimescens,
836 3555 974 3618 domurn
993 3574 1152 3638 egressus,
1167 3554 1299 3619 obviam
1315 3574 1391 3619 cum

225 3659 436 3724 veneratione
463 3659 562 3724 beato
584 3659 694 3743 pergit
717 3658 796 3736 viro,
818 3657 1030 3743 pacificisque
1052 3658 1162 3723 verbis
1187 3658 1310 3724 blande
1333 3659 1391 3725 ad·

226 3763 364 3827 modurn
379 3763 577 3845 compellat:
592 3771 627 3827 et
641 3782 686 3826 ex
702 3762 790 3827 eain
807 3771 977 3846 posterum
992 3763 1048 3828 die
1062 3772 1214 3828 sanctum
1230 3772 1264 3828 et
1278 3783 1391 3828 vener·

226 3866 347 3931 abilem
362 3867 469 3932 virum
487 3867 574 3931 idem
590 3877 754 3951 regnator,
769 3887 839 3932 suae
853 3868 1009 3932 omnibus
1023 3867 1102 3932 vitae
1117 3866 1251 3951 reliquis
1264 3867 1391 3947 diebus,

226 3971 323 4035 valde
338 3989 460 4054 magna
475 3970 658 4048 honoravit,
673 3979 711 4035 ut
726 3971 846 4049 decuit,
860 3969 1118 4036 honorificentia

259 4217 268 4244 ¹
284 4204 360 4264 Rode,
374 4205 411 4256 H.
425 4205 459 4255 E.
475 4204 526 4255 111.
539 4219 564 4267 4,
578 4204 665 4256 meires
676 4205 719 4257 the
736 4205 883 4257 conversion
894 4205 923 4256 ol
937 4205 1021 4257 Brude
1036 4205 1087 4255 and
1104 4203 1144 4254 bis
1159 4204 1268 4271 subjecte
1286 4206 1393 4273 precede

226 4286 269 4337 the
279 4286 400 4337 donatiou
411 4286 440 4337 ol
450 4287 501 4351 lly.
532 4287 588 4338 The
599 4286 657 4338 dete
668 4286 698 4336 oi
705 4287 749 4338 tbe
760 4286 870 4338 incident
882 4287 1001 4338 recorded
1013 4286 1039 4336 iu
1051 4285 1094 4337 tlte
1105 4292 1158 4337 text
1169 4285 1190 4337 is
1201 4287 1323 4353 probably
1334 4287 1391 4354 563.

258 4401 269 4428 ¹
284 4388 332 4438 See
346 4386 366 4436 1.
381 4396 420 4451 37,
434 4386 485 4436 end
497 4385 533 4436 11.
548 4397 588 4450 33,
601 4386 665 4437 from
677 4385 759 4437 which
771 4385 790 4436 it
802 4385 885 4437 would
901 4400 995 4452 appear
1011 4384 1066 4436 thet
1083 4381 1187 4436 Bmde’r
1205 4383 1332 4438 resideuee
1343 4402 1395 4440 m

228 4476 272 4518 not
282 4467 319 4517 iar
331 4466 394 4517 lrom
406 4465 449 4518 tbe
461 4467 541 4518 unt»
552 4467 582 4517 ol
590 4467 633 4519 the
644 4466 709 4519 river
726 4467 800 4518 Neu.

259 4566 1317 4635 rsnuiurheuleorsrmmgatlrohareboenssComaru-adeelerat„
