3226 5520
598 509 912 582 COLUMBAE.

572 903 600 971 C
613 903 646 967 A
660 903 686 968 P
698 901 776 970 UT
813 903 846 968 X
860 903 875 968 1
891 903 905 968 l
920 903 950 970 1.

223 1108 276 1175 De
301 1107 457 1194 Oingusio
469 1108 546 1195 filio
566 1109 657 1175 nido
680 1107 853 1178 Communi
873 1107 991 1176 Sancti
1002 1107 1171 1193 prephetia
1202 1105 1283 1174 Viri.

175 1316 248 1383 ch
263 1335 407 1401 namque
422 1317 465 1381 de
480 1315 586 1401 patria
601 1334 676 1380 cum
700 1313 772 1379 aliis
791 1314 922 1380 duobus
938 1313 1091 1379 iratribus
1106 1311 1280 1398 effugatus,
1295 1313 1339 1379 ad

174 1421 335 1487 Sanctum
351 1422 385 1486 in
403 1420 574 1487 Britannia
588 1421 854 1505 peregrinantem
877 1419 957 1485 exul
972 1420 1084 1485 venit:
1107 1419 1226 1504 cuique
1241 1419 1339 1485 bene·

174 1525 296 1604 dicens,
311 1526 383 1590 haec
397 1526 440 1591 de
455 1545 496 1590 eo
511 1525 744 1609 prophetizans
755 1533 872 1590 sancto
887 1524 1009 1608 promit
1023 1523 1067 1589 de
1078 1533 1211 1608 pectore
1226 1524 1340 1590 verba:

177 1628 243 1693 Hic
254 1629 394 1713 juvenis,
406 1628 570 1695 defunctis
585 1629 656 1714 ejus
671 1629 799 1694 caeteris
814 1627 968 1694 iratribus
980 1638 1146 1712 superstes
1158 1648 1341 1708 remanens,

176 1733 282 1799 multo
296 1742 347 1799 est
362 1743 557 1819 regnaturus
572 1735 606 1799 in
621 1734 729 1818 patria
751 1744 901 1817 tempore
916 1755 925 1814 ;
946 1742 981 1799 et
995 1734 1119 1798 inimici
1141 1733 1214 1818 ejus
1229 1752 1340 1798 coram

175 1838 248 1921 ipso
277 1839 417 1906 cadent:
454 1857 515 1903 nec
551 1847 665 1903 tamen
702 1837 774 1922 ipse
803 1856 949 1921 unquam
981 1837 1014 1901 in
1046 1856 1164 1901 manus
1193 1838 1342 1901 tradetur

174 1940 405 2020 inimicorum
427 1941 486 2006 sed
509 1949 615 2005 morte
638 1940 777 2024 placida,
793 1960 906 2018 senex,
921 1940 1006 2004 inter
1027 1940 1153 2004 amicos
1175 1938 1340 2004 morietur.

175 2041 261 2126 Quae
276 2044 389 2109 omnia
407 2043 509 2128 juxta
532 2043 647 2111 Sancti
668 2045 806 2109 verbum
826 2044 923 2128 plene
938 2052 1016 2109 sunt
1037 2042 1227 2129 adimpleta
1274 2042 1341 2108 Hic

174 2156 224 2212 est
240 2147 422 2233 Oingusius
437 2147 531 2233 cujus
546 2157 806 2232 cognomentum
824 2146 1041 2214 Bronbachal.

574 2582 779 2651 CAPUT
817 2582 940 2648 XIV.

173 2774 226 2840 De
237 2773 316 2859 filio
336 2771 485 2837 Dermitr'
502 2770 611 2855 Regis,
633 2771 692 2854 qui
710 2770 823 2836 Anius
843 2771 944 2836 Slane
958 2771 1073 2855 lingua
1095 2771 1281 2836 nominatus
1294 2780 1343 2836 est

482 2875 621 2943 scottica
635 2874 806 2960 prophetia
827 2875 925 2941 Beati
954 2875 1037 2942 Viri.

174 3067 273 3132 Aulo
288 3066 321 3130 in
337 3074 496 3149 tempore,
511 3084 586 3131 cum
610 3064 660 3130 vir
681 3064 799 3130 beatus
821 3065 855 3130 in
879 3064 993 3132 Scotia
1010 3085 1070 3149 per
1085 3063 1212 3147 aliquot
1226 3064 1342 3129 demo-

174 3181 300 3237 raretur
328 3170 409 3248 dies,
438 3169 480 3234 ad
511 3170 737 3253 supradictum
769 3169 905 3249 Aidum,
934 3170 977 3235 ad
1008 3190 1044 3234 se
1072 3169 1270 3249 venientem,
1295 3169 1343 3235 sic

174 3274 367 3360 prophetice
393 3273 521 3339 locutus
547 3273 616 3338 ait:
640 3274 828 3340 Praecavere
853 3274 965 3353 debes,
988 3273 1043 3353 fili,
1065 3295 1107 3340 ne
1133 3273 1193 3338 tibi
1220 3294 1241 3339 a
1267 3275 1342 3340 Deo

174 3379 277 3445 totius
294 3377 466 3444 Hibemiae
481 3378 574 3462 regni
585 3378 840 3463 praerogativam
857 3377 1058 3446 monarchiae
1073 3377 1343 3461 predestinatam,

174 3481 361 3568 parricidali
383 3479 525 3547 iaciente
549 3491 695 3566 peccato,
718 3483 875 3549 amittas:
897 3502 976 3548 nam
991 3483 1020 3547 si
1035 3483 1236 3567 quandoque
1259 3482 1342 3549 illud

175 3584 389 3664 commiseris,
413 3605 480 3650 non
503 3595 577 3652 toto
604 3587 708 3671 patris
737 3607 849 3671 regno,
873 3588 933 3653 sed
957 3587 1029 3671 ejus
1052 3587 1164 3671 aliqua
1190 3595 1284 3672 parte
1309 3587 1344 3652 in

174 3699 274 3776 gente
290 3699 356 3769 tua,
374 3690 465 3756 brevi
484 3688 620 3756 finieris¹
639 3701 797 3775 tempore
843 3690 930 3775 Quae
948 3692 1050 3757 verba
1072 3691 1187 3757 Sancti
1202 3691 1250 3757 sic
1265 3699 1344 3758 sunt

174 3795 312 3879 expleta
333 3796 516 3860 secundum
531 3795 604 3879 ejus
618 3795 896 3861 vaticinationem.
943 3795 1032 3861 Nam
1056 3804 1133 3880 post
1158 3795 1341 3863 Suibneum

176 3897 279 3964 filium
305 3899 505 3967 Columbani
530 3899 609 3964 dolo
633 3900 676 3964 ab
691 3920 732 3965 eo
756 3899 975 3979 interfectum,
990 3920 1057 3965 non
1081 3900 1166 3984 plus,
1181 3910 1219 3965 ut
1234 3899 1344 3980 fertur,

175 4023 276 4088 quam
292 4014 435 4088 quatuor
458 4005 554 4069 annis
578 4013 611 4069 et
627 4004 732 4069 tribus
748 4005 933 4069 mensibus·
953 4005 1045 4088 regni
1060 4025 1217 4070 concessa
1232 4004 1344 4089 potius

175 4118 227 4172 est
242 4117 343 4192 parte.

209 4415 218 4443 ¹
235 4407 314 4459 Other
326 4407 401 4460 MSS.
416 4408 480 4459 heve
494 4407 632 4460 “iwerin’‘

178 4588 191 4640 ί
205 4518 223 4639 l¹¹
234 4505 415 4652 2⁰31&
425 4508 594 4574 Tighernach,
608 4508 651 4560 the
662 4508 738 4561 crime
751 4525 801 4562 vm
811 4510 958 4563 committed
969 4511 996 4562 in
1012 4510 1069 4574 ⁶00,
1082 4512 1132 4562 and
1144 4511 1187 4564 the
1198 4511 1345 4564 retribution

188 4605 205 4642 ο
224 4603 240 4638 o
