3226 5520
229 466 291 549 184
503 466 648 534 VITA
687 467 990 536 II.-L1BER
1029 467 1116 535 111.

224 673 317 758 gavit
331 674 481 753 insulam,
493 673 684 760 ibidemque
695 675 876 753 Aidanum,
885 675 1002 740 iisdem
1015 675 1252 741 adventantem
1264 674 1398 754 diebus,

224 777 258 840 in
282 797 404 861 regem,
429 778 514 842 sicut
538 787 609 842 erat
631 779 752 862 jussus,
775 777 948 842 ordinavit
995 777 1042 842 Et
1065 777 1151 842 inter
1172 777 1398 841 ordinationis

223 881 332 959 verba,
362 882 404 944 de
435 880 525 945 filiis-³
553 892 587 946 et
617 882 794 964 nepotibus
831 879 1136 964 pronepotibusque
1172 880 1245 964 ejus
1280 879 1397 946 futura

224 984 485 1069 prophetizavit:
508 986 749 1070 imponensque
763 1005 897 1050 manum
915 1005 1013 1068 super
1027 994 1128 1069 caput
1139 984 1223 1068 eJ'us,
1233 985 1396 1050 ordinans

223 1090 404 1155 benedixit.

266 1192 505 1277 [Cummeneus
536 1195 665 1259 Albus⁶
692 1195 725 1258 in
756 1195 840 1259 libro
869 1214 970 1278 quem
999 1195 1043 1259 de
1071 1191 1247 1258 virtutibus
1284 1194 1395 1259 sancti

223 1296 396 1363 Columbae
413 1299 550 1382 scripsit,
567 1299 613 1362 sic
629 1299 717 1363 dixit
738 1299 829 1383 quod
850 1307 985 1362 sanctus
1008 1295 1173 1364 Columba
1187 1296 1230 1361 de
1246 1295 1395 1375 Aidano,

222 1409 256 1466 et
271 1403 314 1465 de
328 1403 469 1485 posteris
491 1402 572 1485 ejus,
587 1412 621 1466 et
636 1403 678 1466 de
701 1422 804 1485 regno
826 1422 895 1478 suo,
911 1401 1109 1486 prophetare
1127 1400 1240 1484 coepit,
1255 1401 1373 1466 dicens
1387 1425 1395 1466 :

224 1502 456 1569 Indubitanter
478 1506 584 1583 crede,
600 1505 632 1571 Ο
657 1505 798 1583 elidahe,
814 1506 971 1589 quoniam
996 1504 1106 1569 nullus
1128 1505 1394 1570 adversariorum

220 1616 353 1671 tuorum
369 1607 429 1671 tibi
445 1608 567 1691 poterit
582 1609 740 1686 resistere,
755 1609 862 1673 donee
881 1611 972 1693 prius
988 1607 1243 1673 fraudulentiam
1259 1629 1343 1693 agas
1358 1610 1392 1674 in

222 1730 275 1774 me
290 1721 324 1775 et
340 1712 372 1774 in
388 1720 539 1794 posteros
562 1731 660 1775 meos
708 1712 886 1795 Propterea
901 1733 981 1796 ergo
996 1722 1033 1776 tu
1049 1711 1124 1776 filiis
1138 1714 1341 1778 commenda
1355 1723 1394 1779 ut

220 1825 254 1879 et
270 1815 332 1898 ipsi
349 1814 423 1879 filiis
445 1825 479 1880 et
502 1817 680 1899 nepotibus
702 1824 736 1881 et
758 1817 896 1900 posteris
919 1817 987 1880 suis
1010 1817 1255 1895 commendent,
1271 1836 1314 1880 ne
1333 1837 1408 1901 per·

219 1919 357 1983 consilia
386 1919 475 1983 mala
500 1939 615 1984 eorum
642 1929 808 2003 sceptrum
836 1920 929 2003 regni
955 1919 1054 2003 huius
1079 1921 1123 1984 de
1145 1920 1299 1984 manibus
1321 1922 1393 1986 suis

220 2022 368 2106 perdant.
437 2023 476 2087 In
510 2043 710 2108 quocunque
742 2023 831 2088 enim
863 2033 1013 2107 tempore
1042 2024 1217 2088 adversum
1247 2043 1302 2089 me
1332 2035 1393 2091 aut

219 2128 376 2191 adversus
388 2137 548 2210 cognatos
561 2149 660 2205 meos,
674 2127 731 2211 qui
744 2129 866 2193 suntin
881 2127 1044 2193 Hibernia
1055 2126 1199 2206 fecerint,
1211 2126 1393 2212 flagellum,

218 2231 309 2315 quod
325 2251 425 2295 causa
447 2231 495 2296 tui
518 2230 562 2296 ab
584 2231 704 2316 angelo
726 2232 876 2312 sustinui,
891 2253 951 2316 per
973 2251 1109 2297 manum
1133 2230 1198 2296 Dei
1217 2251 1319 2317 super
1332 2253 1394 2298 eos

217 2335 252 2399 in
269 2355 428 2418 magnum
445 2335 607 2420 flagitium
623 2346 779 2416 vertetur,
792 2347 828 2403 et
849 2358 907 2402 cor
919 2337 1066 2407 virorum
1088 2334 1255 2402 auferetur
1274 2336 1318 2403 ab
1341 2337 1391 2404 eis

218 2446 253 2504 et
267 2439 391 2503 inimici
407 2459 521 2503 eorum
536 2441 752 2506 vehementer
765 2462 864 2527 super
878 2461 936 2506 eos
950 2439 1245 2507 confortabuntur!

263 2543 341 2607 Hoc
356 2552 469 2609 autem
484 2545 677 2611 vaticinium
700 2546 906 2630 temporibus
922 2546 1043 2611 nostris
1057 2543 1262 2629 completum
1277 2553 1340 2625 est,
1356 2545 1391 2611 in

218 2643 309 2711 bello
345 2647 460 2726 Roth,⁸
501 2648 659 2714 Domnail
699 2649 832 2729 Brecco,
862 2659 984 2734 nepote
1022 2647 1157 2728 Aidani,
1184 2647 1257 2713 sine
1289 2669 1392 2716 causa

217 2759 371 2816 vastante
385 2752 590 2835 provinciam
607 2755 757 2819 Domnill
774 2755 905 2839 nepotis
920 2755 1128 2838 Ainmuireg.
1173 2753 1220 2819 Et
1230 2774 1251 2818 a
1261 2753 1318 2818 die
1333 2754 1392 2819 illa

217 2874 323 2938 usque
338 2856 437 2920 hodie
452 2857 560 2923 adhuc
577 2858 608 2921 in
623 2859 769 2942 proclivo
780 2870 858 2926 sunt
872 2859 917 2925 ab
928 2860 1097 2925 extraneis
1109 2869 1134 2941 ;⁹
1146 2859 1236 2945 quod
1248 2860 1393 2944 suspiria

218 2959 341 3024 doloris
356 2961 481 3045 pectori
498 2963 665 3047 incutit.]¹⁰

651 3250 850 3317 CAPUT
888 3251 964 3315 Vl.

217 3421 269 3487 De
290 3423 478 3508 angelorum
500 3425 707 3508 apparitione,
729 3425 870 3508 alt'cecjus
895 3423 981 3489 beati
1000 3421 1150 3488 Britonis
1173 3421 1323 3487 animam
1344 3423 1397 3487 ad

643 3530 753 3593 calum
775 3528 966 3592 vehentium.

219 3683 316 3748 Aulo
347 3684 379 3748 in
411 3694 570 3768 tempore,
599 3706 675 3749 eum
706 3685 755 3748 vir
785 3693 918 3748 sanctus
949 3683 981 3745 in
1014 3683 1098 3747 Iona
1127 3690 1393 3747 commoraretur
1453 3699 1457 3706 ·

249 3891 261 3929 5
276 3886 323 3935 See
336 3887 368 3946 i.,
383 3886 409 3947 i.,
424 3896 483 3937 note
495 3899 518 3949 9.

249 3966 262 4006 ⁶
275 3969 329 4018 The
341 3971 444 4019 seventh
456 3970 534 4020 abbot
545 3969 574 4019 os
588 3970 640 4034 Hy,
654 3968 769 4033 657·669.
807 3969 856 4018 For
867 3984 899 4018 an
911 3973 1017 4018 account
1033 3966 1061 4017 ol
1074 3965 1127 4017 him
1138 3965 1188 4015 and
1200 3964 1229 4015 ol
1242 3963 1283 4015 hia
1296 3964 1353 4016 Lite
1365 3965 1396 4016 oi

217 4051 255 4101 St.
270 4052 395 4101 Columba
406 4068 446 4102 see
459 4054 501 4102 the
513 4052 683 4102 introduction
695 4061 721 4102 to
732 4053 775 4102 the
786 4059 886 4117 present
898 4051 1006 4100 volume.

249 4146 260 4182 7
275 4136 314 4185 Cs.
330 4135 371 4184 the
384 4135 439 4184 Lile
451 4135 484 4198 by
496 4135 638 4195 Curnmian‚
654 4151 676 4184 c.
691 4151 714 4184 v.

249 4218 260 4258 8
276 4221 298 4268 It
312 4235 362 4267 was
374 4218 460 4282 fought
472 4219 498 4267 in
510 4218 566 4282 637.
604 4219 693 4276 Moira,
708 4217 826 4281 avillage
843 4216 892 4265 and
910 4214 993 4280 parish
1011 4214 1037 4264 in
1056 4214 1099 4264 the
1109 4219 1201 4277 county
1213 4211 1243 4262 oi
1259 4211 1353 4274 Down,
1369 4212 1394 4264 is

215 4301 340 4367 supposed
359 4307 385 4349 to
402 4300 466 4349 have
485 4300 549 4350 been
567 4300 609 4350 the
626 4298 745 4350 sceneos
758 4299 800 4348 the
818 4299 903 4357 battle,
924 4297 968 4347 but
985 4298 1028 4347 the
1045 4296 1151 4361 identity
1167 4294 1196 4346 ol
1214 4294 1257 4346 the
1276 4295 1350 4361 place
1370 4298 1393 4348 is

216 4383 339 4433 doubtful.

248 4476 261 4515 ⁹
276 4468 323 4515 See
335 4463 489 4514 Cumminn’s
501 4463 564 4525 Life,
578 4479 599 4514 c.
614 4480 638 4514 v.
653 4463 703 4514 and
715 4469 773 4513 note
784 4477 818 4524 43
836 4462 890 4513 also
907 4463 953 4513 Dr.
968 4459 1072 4512 Reeves’
1083 4461 1206 4520 Adanu„
1219 4475 1245 4525 p.
1260 4471 1393 4525 aot-2033

216 4548 266 4598 and
279 4545 384 4598 Skene's
399 4547 474 4595 Celtic
485 4547 558 4607 Scan,
573 4546 601 4607 i.,
615 4557 671 4610 247.

250 4643 275 4671 ¹0
284 4630 340 4681 The
351 4644 455 4697 passage
467 4629 556 4697 placed
567 4629 593 4680 in
603 4629 720 4682 brackets
731 4628 752 4680 is
763 4627 869 4681 omitted
880 4629 914 4700 by
926 4629 954 4680 tt
968 4627 1020 4679 and
1031 4627 1100 4683 Cott-
