3226 5520
522 505 668 574 VITA
709 493 1013 572 11.uL11313R
1052 502 1080 569 Ι.

635 897 838 967 CAPUT
877 890 965 964 XV.

217 1107 270 1173 De
298 1124 371 1191 rege
399 1102 540 1170 Roderca
566 1102 644 1189 filie
681 1101 805 1183 Tatail,¹
832 1104 891 1188 qai
917 1102 1020 1170 Petra
1058 1100 1200 1171 Clarae·
1227 1100 1391 1187 regnavit,

607 1208 706 1274 Beati
733 1207 809 1274 Viri
820 1207 996 1292 prophetia.

220 1397 319 1464 Atto
348 1397 437 1463 idem
464 1396 497 1461 in
524 1403 683 1480 tempore,
705 1405 743 1461 ut
768 1404 839 1460 erat
864 1395 970 1460 sancti
993 1394 1054 1459 viri
1079 1393 1214 1471 amicus,
1239 1390 1390 1476 aliquam
1488 1382 1494 1393 ’

218 1505 362 1570 adeum
386 1500 551 1568 occultam
576 1520 636 1585 per
660 1499 836 1584 Lugbeum
862 1499 1044 1578 Mocumin,
1066 1498 1268 1583 legationem
1287 1495 1390 1574 misit,

218 1609 301 1674 scire
319 1607 435 1673 volens
450 1605 477 1670 ai
493 1606 537 1671 ab
552 1605 693 1671 inimicis
715 1614 803 1670 esset
824 1604 1049 1683 trucidandus,
1064 1623 1107 1668 an
1123 1622 1198 1669 nom
1244 1602 1294 1667 At
1307 1619 1390 1666 vero

221 1713 388 1797 Lugbeus,
412 1732 433 1776 a
456 1711 582 1779 Sancto
600 1711 821 1794 interrogatus
844 1710 888 1774 de
911 1710 1030 1774 eodem
1054 1728 1140 1792 rege,
1161 1717 1197 1773 et
1218 1725 1330 1791 regno,
1352 1712 1390 1770 et

219 1816 345 1900 populo
366 1815 448 1900 ejus,
469 1817 682 1899 respondens,
708 1814 802 1898 quasi
829 1813 990 1892 misertus,
1015 1813 1118 1878 dicit:
1144 1810 1235 1895 Quid
1260 1811 1303 1876 de
1329 1808 1390 1873 illo

219 1919 357 2003 inquiris
372 1919 500 1993 misero,
516 1919 573 2003 qui
589 1938 655 2002 qua
669 1918 752 2008 hora
766 1918 809 1983 ab
830 1918 971 1983 inimicis
986 1917 1165 1995 occidatur,
1179 1914 1271 1981 nullo
1286 1915 1391 1980 modo

220 2024 302 2089 scire
328 2029 461 2108 puteat?
508 2023 653 2090 Sanctus
682 2032 753 2088 turn
784 2021 905 2089 deinde
934 2021 1105 2106 profatur:
1142 2020 1322 2105 Nunquam
1354 2018 1389 2083 in

220 2148 338 2193 manus
352 2129 502 2194 tradetur
517 2127 735 2206 inimicorum,
750 2128 808 2193 sed
824 2128 858 2191 in
874 2146 943 2206 sua,
958 2146 1058 2211 super
1072 2145 1166 2192 suam
1185 2124 1389 2209 plumatlun·

219 2231 339 2310 culam,
362 2232 520 2297 morietur
542 2233 651 2297 domo.
697 2231 798 2316 Quod
822 2229 937 2297 Sancti
960 2231 1003 2295 de
1029 2249 1106 2313 rege
1132 2229 1286 2294 Roderco
1304 2227 1390 2292 vati·

220 2336 354 2414 ciuium,
370 2336 468 2420 plene
490 2335 710 2420 adimpletum
733 2344 806 2401 est:
832 2355 919 2414 nam,
938 2335 1040 2420 juxta
1057 2334 1158 2400 verba
1183 2332 1264 2419 ejus,
1289 2331 1392 2396 domo

220 2459 280 2505 sua
297 2449 403 2505 morte
418 2439 550 2525 placida
564 2439 655 2505 obiit

624 2859 830 2929 CAPUT
867 2860 984 2928 XVI.

220 3063 273 3133 De
294 3064 416 3132 duabus
428 3064 552 3151 pueris,
573 3086 709 3151 quarum
732 3086 824 3146 anas,
839 3067 944 3151 jatta
966 3065 1098 3132 vertum
1121 3066 1245 3148 Sancti,
1267 3066 1302 3131 in
1318 3066 1394 3153 fine

487 3171 694 3237 hebdomadis
715 3171 800 3250 obiit,
816 3170 985 3256 prophetia
1007 3172 1130 3238 Sancti.

221 3359 320 3425 Amo
335 3360 369 3424 in
385 3368 535 3444 tempore
551 3360 619 3425 duo
638 3361 775 3445 quidam
791 3360 899 3444 plebei
916 3362 958 3426 ad
975 3361 1136 3428 Sanctum
1152 3362 1187 3426 in
1204 3362 1287 3427 lona
1301 3382 1392 3428 cour·

222 3473 406 3529 morantem
430 3464 537 3529 insula
559 3466 763 3545 deveniunt;
784 3485 926 3549 quorum
942 3486 1027 3531 unus
1053 3466 1230 3531 Meldanus
1248 3467 1393 3546 nomine,

221 3569 264 3632 de
280 3566 348 3632 filio
363 3587 433 3646 suo,
448 3568 504 3651 qui
521 3588 666 3651 praescns
681 3578 762 3648 erat,
778 3569 939 3636 Sanctum
956 3571 1147 3653 interrogat,
1162 3571 1242 3654 quid
1258 3573 1288 3635 ei
1304 3580 1393 3636 esset

222 3671 395 3738 futurum?
460 3671 522 3738 Cui
554 3674 697 3739 Sanctus
726 3675 773 3738 sic
803 3673 973 3757 profatur:
1009 3675 1130 3739 Nonne
1159 3675 1290 3740 sabbati
1319 3675 1392 3741 dies

222 3774 383 3840 hodierna
398 3781 472 3839 est?
517 3775 621 3842 Filius
644 3787 721 3841 tuus
744 3788 842 3842 sexta
867 3777 956 3856 seria,
971 3779 1005 3842 in
1022 3777 1087 3842 tine
1111 3779 1270 3844 morietur
1289 3779 1393 3862 septi·

224 3899 343 3959 manae,
365 3889 551 3963 octavaque
572 3882 635 3958 die,
658 3882 721 3946 hoc
743 3891 803 3961 est,
825 3883 974 3960 sabbato,
997 3882 1050 3946 hic
1065 3882 1249 3966 sepelietur.
1295 3882 1394 3948 Alter

254 4130 264 4158 ¹
280 4116 328 4167 See
346 4113 455 4165 Ailred's
474 4114 530 4165 Lile
541 4115 570 4165 ol
587 4116 625 4167 St.
640 4114 745 4176 Ninian,
758 4131 779 4165 c.
794 4130 818 4177 4,
832 4116 882 4166 and
901 4124 960 4167 note
975 4129 995 4167 1.
1031 4117 1134 4182 Among
1144 4117 1188 4167 the
1198 4117 1286 4168 Welsh
1296 4117 1330 4169 hc
1341 4132 1393 4168 m

220 4198 362 4249 celebrated
372 4214 400 4248 as
411 4213 460 4248 one
471 4197 500 4248 ol
513 4197 556 4248 the
568 4198 638 4248 three
655 4196 756 4248 Liberal
773 4198 874 4248 Princes
891 4197 921 4248 ol
936 4198 1042 4249 Britain.
1076 4198 1124 4250 See
1135 4200 1189 4249 also
1204 4198 1324 4265 Jocelin's
1336 4200 1392 4251 Lite

221 4278 251 4329 oi
260 4280 289 4331 St
301 4278 414 4344 Kenrig,
429 4294 465 4329 ce.
480 4291 512 4341 29
523 4278 573 4329 and
587 4288 626 4342 37.

253 4374 265 4400 2
280 4360 346 4410 Now
358 4360 517 4410 Dumbarton
529 4379 536 4421 ;
548 4361 629 4411 called
640 4359 666 4410 in
678 4357 721 4410 the
735 4359 869 4411 thirteenth
882 4368 985 4426 century
997 4362 1177 4413 Duo-Brentan
1187 4380 1196 4425 5
1206 4363 1257 4412 and
1268 4362 1302 4427 by
1313 4363 1390 4424 Bede,

219 4443 256 4493 tt.
267 4443 301 4493 E.
304 4477 313 4504 ,
325 4441 358 4503 1.,
371 4454 392 4503 1,
405 4455 444 4503 12,
456 4442 579 4493 Alcluith.
608 4443 657 4492 For
666 4442 708 4493 the
718 4442 839 4508 kingdom
847 4443 877 4494 ol
885 4444 927 4494 the
937 4444 1072 4495 Britonsol
1077 4445 1192 4510 Alclyde,
1203 4461 1244 4496 see
1253 4444 1392 4497 Chalmcrs‘

223 4523 365 4584 Caledonia,
379 4523 407 4584 i.,
421 4540 462 4589 pp.
476 4534 591 4589 235-249,
605 4523 710 4576 Skene'r
730 4524 790 4575 cca.
810 4525 884 4585 Stat..
897 4525 925 4586 i,
940 4543 981 4592 pp.
997 4527 1113 4594 ass-236,
1139 4528 1232 4581 Cicron.
1254 4528 1324 4582 atas
1340 4528 1396 4580 arrd

220 4607 294 4672 Sars,
310 4622 337 4673 p.
350 4606 427 4669 xciii,
442 4607 493 4657 and
505 4604 583 4674 Rhya'
598 4606 657 4660 cett.
672 4606 753 4672 Brit,
766 4623 810 4677 pp.
826 4608 939 4675 tro-146.
