3226 5520
302 459 345 524 80
620 457 766 522 VITA
799 455 1091 524 ll.-LIBER
1121 458 1149 523 1.

301 672 430 728 tecum⁵
444 672 504 729 etc
551 663 693 730 Sanctus
715 663 827 749 itaque
850 663 1023 744 Columba,
1044 665 1116 730 haec
1131 666 1175 731 ad
1195 685 1306 751 regem
1334 667 1367 732 in
1393 669 1464 732 visu
1554 708 1562 715 -

301 766 449 850 loquens,
479 768 598 833 addit:
638 767 713 831 Hac
743 769 893 850 sequenti
926 779 1024 833 nocte
1054 771 1096 835 de
1124 771 1240 835 castris
1269 771 1311 836 ad
1341 771 1465 837 bellum

301 873 466 955 procede;
488 871 550 936 hac
575 872 663 936 enim
688 872 759 936 vice
783 872 863 936 mihi
888 872 1054 938 Dominus
1078 875 1215 940 donavit
1238 885 1276 940 ut
1297 876 1408 941 hostes
1431 878 1465 941 in

301 974 415 1059 fugam
430 985 601 1042 vertantur
616 976 673 1055 tui,
689 989 722 1040 et
738 984 814 1041 tuus
830 976 950 1042 Catlon
969 977 1121 1043 inimicus
1135 979 1169 1043 in
1185 999 1303 1044 manus
1318 982 1467 1046 tradatur

301 1088 384 1158 tuas,
399 1090 432 1144 ct
457 1089 533 1163 post
557 1080 681 1144 bellum
696 1081 801 1143 victor
823 1081 994 1145 revertaris
1009 1090 1042 1145 et
1058 1081 1194 1147 feliciter
1217 1103 1341 1167 regnes
1387 1086 1466 1149 Post

300 1183 372 1248 haec
400 1184 501 1250 verba
526 1194 740 1267 experrectus
764 1205 824 1248 rex
854 1185 983 1249 senatui
1013 1197 1215 1270 congregato
1241 1186 1326 1250 hanc
1352 1197 1465 1252 enarat

302 1285 487 1365 visionem;
510 1307 576 1370 qua
599 1285 775 1351 confortati
800 1306 925 1364 omnes,
949 1296 1039 1353 totus
1066 1288 1208 1372 populus
1238 1290 1401 1372 promittit
1430 1310 1465 1354 se

301 1399 379 1472 post
403 1392 621 1455 reversionem
646 1393 689 1455 de
713 1391 801 1455 bello
825 1392 1025 1456 crediturum
1050 1400 1083 1455 et
1109 1391 1311 1476 baptismum
1334 1413 1465 1477 suscep-

302 1501 435 1560 turum:
456 1515 534 1560 narn
550 1495 703 1579 usquein
720 1496 751 1559 id
769 1495 927 1578 temporis
950 1505 1021 1560 tota
1037 1495 1093 1560 illa
1109 1495 1258 1562 Saxonia
1272 1498 1466 1581 gentilitatis

301 1607 336 1661 et
366 1599 563 1682 ignorantiae
600 1599 745 1664 tenebris
781 1600 956 1663 obscurata
993 1609 1072 1677 erat,
1109 1609 1252 1683 excepto
1289 1601 1362 1685 ipso
1390 1621 1467 1685 rege

301 1700 477 1781 Ossuaido,
490 1724 565 1768 cum
579 1704 755 1769 duodecim
767 1704 853 1780 viris,
865 1703 921 1786 qui
934 1723 1009 1767 cum
1022 1723 1062 1767 eo
1075 1703 1194 1769 Scotos
1209 1705 1294 1769 inter
1307 1706 1466 1771 exulante

301 1804 459 1890 baptizati
475 1817 560 1874 sunt
606 1806 696 1891 Quid
712 1809 829 1891 plura?
844 1807 960 1871 eadem
977 1806 1154 1872 subsecuta
1169 1817 1267 1873 nocte
1281 1808 1466 1875 Ossualdus

300 1930 370 1990 rex,
395 1912 490 1976 sicuti
517 1912 549 1975 in
568 1913 639 1977 visu
663 1912 801 1976 edoctus
824 1910 938 1988 iuerat,
961 1912 1004 1975 de
1026 1911 1142 1976 castris
1165 1912 1209 1977 ad
1234 1912 1367 1992 bellum,
1388 1933 1466 1978 cum

299 2016 481 2081 admodum
498 2017 652 2100 pauciore
667 2016 826 2094 exercitu,
840 2024 955 2079 contra
977 2016 1082 2080 millia
1102 2037 1277 2082 numerosa
1299 2018 1466 2101 progredi·

299 2129 375 2200 tur;
397 2120 486 2185 cuia
502 2120 659 2199 Domino,
675 2119 759 2183 sicut
784 2118 814 2183 ei
838 2118 1037 2202 promissum
1060 2128 1120 2199 est,
1135 2119 1217 2184 felix
1240 2130 1274 2186 et
1297 2120 1401 2185 facilis
1415 2132 1467 2187 est

299 2244 457 2290 concessa
472 2224 617 2303 victoria,
632 2233 666 2290 et
681 2242 758 2306 rege
774 2223 937 2287 trucidato
953 2221 1118 2302 Catlone,⁶
1129 2223 1235 2287 victor
1251 2233 1327 2308 post
1341 2223 1466 2289 bellum

300 2349 458 2407 reversus,
480 2337 597 2412 postea
619 2327 721 2392 totius
744 2327 925 2391 Britanniae
948 2327 1176 2411 imperatorra
1198 2328 1273 2393 Deo
1295 2328 1467 2393 ordinatus

300 2443 360 2497 est.
408 2431 507 2495 Hanc
523 2431 604 2495 mihi
621 2430 824 2496 Adamnano
840 2430 1061 2495 narrationem
1077 2451 1171 2496 meus
1181 2432 1341 2511 decessor,
1357 2442 1470 2498 noster

299 2536 403 2602 abbas
429 2535 610 2614 Failbeus,⁸
631 2534 857 2601 indubitanter
881 2536 1053 2613 enarravit,
1079 2536 1135 2619 qui
1160 2556 1196 2600 se
1218 2535 1262 2600 ab
1284 2556 1341 2600 ore
1365 2537 1468 2621 ipsius

302 2640 460 2707 Ossualdi
479 2640 575 2724 regis,
599 2639 743 2723 Segineo
765 2639 878 2704 abbati
901 2639 1053 2705 eamdem
1074 2640 1276 2706 enuntiantis
1296 2641 1467 2722 visionem,

301 2745 432 2811 audisse
447 2752 649 2828 protestatus
664 2753 722 2808 est

345 2849 413 2915 Sed
430 2857 464 2913 et
479 2848 541 2912 hoc
564 2848 665 2913 etiam
682 2868 748 2912 non
771 2849 1037 2931 praetereundum
1058 2847 1195 2927 videtur,
1210 2849 1301 2931 quod
1316 2848 1465 2934 ejusdem

302 2955 390 3020 beati
405 2954 466 3017 viri
481 2973 540 3038 per
555 2954 709 3037 quaedam
736 2952 878 3019 Scoticae
901 2952 1023 3035 linguae
1044 2952 1179 3017 laudum
1195 2953 1298 3037 ipsius
1313 2955 1468 3037 carmina,

299 3068 332 3122 et
362 3056 505 3120 nominis
536 3056 895 3133 commemorationem,
926 3056 1073 3138 quidam,
1102 3057 1285 3140 quamlibet
1317 3059 1466 3125 scelerati

301 3162 393 3225 laicae
409 3161 667 3225 conversationis
679 3160 830 3223 homines
845 3169 879 3223 et
891 3161 1100 3242 sanguinarii,
1112 3182 1151 3225 ca
1164 3173 1260 3226 nocte
1272 3183 1338 3245 qua
1349 3166 1465 3229 eadem

299 3267 555 3330 decantaverant
584 3263 721 3341 cantica,
751 3265 793 3327 dc
824 3265 976 3328 manibus
1002 3264 1209 3329 inimicomm
1233 3269 1289 3349 qui
1313 3270 1464 3333 eamdem

300 3369 493 3433 eorumdem
531 3377 702 3432 cantorum
734 3368 871 3431 domum
902 3369 1185 3433 circumsteterant
1215 3369 1282 3434 sint
1315 3370 1466 3450 liberati;

299 3474 355 3556 qui
387 3471 539 3535 flammas
569 3472 654 3535 inter
683 3482 716 3536 et
746 3471 875 3555 gladios
899 3483 934 3536 et
960 3472 1091 3535 lanceas
1117 3473 1299 3537 incolumes
1325 3495 1465 3555 evasere,

299 3577 485 3658 mirumque
512 3575 545 3638 in
573 3575 711 3639 modum
739 3575 835 3658 pauci
862 3595 906 3638 ex
933 3575 1021 3657 ipsis,
1047 3576 1103 3656 qui
1130 3577 1264 3640 easdem
1285 3579 1390 3642 sancti
1405 3579 1464 3643 viri

298 3679 641 3758 commemorationes,
671 3680 765 3761 quasi
796 3679 888 3762 parvi
923 3680 1116 3762 pendentes,
1145 3700 1264 3744 canere
1292 3682 1465 3747 noluerant

298 3784 557 3860 decantationes,
569 3783 602 3846 in
615 3782 672 3846 illo
683 3782 877 3847 aemulomm
891 3782 1017 3866 impetu
1030 3782 1091 3845 soli
1103 3783 1326 3867 disperierant
1352 3784 1464 3869 Hujus

299 3888 446 3954 miraculi
477 3896 579 3952 testes
605 3905 672 3950 non
703 3887 770 3950 duo
800 3895 858 3950 aut
888 3893 964 3962 tres,
997 3885 1098 3968 juxta
1128 3886 1244 3969 legem,
1274 3890 1332 3953 sed
1362 3889 1462 3954 etiam

328 4139 434 4206 sJosh.‚
447 4138 475 4201 i.,
488 4150 505 4201 9

328 4221 457 4286 ⁶1n635.
495 4222 514 4247 ‘⁴
524 4220 554 4269 ln
572 4220 628 4270 loco
644 4219 686 4285 qui
704 4219 789 4286 lingua
804 4220 944 4283 Anglorum
962 4219 1156 4281 Denisesburna,
1174 4220 1202 4272 id
1219 4228 1265 4285 est,
1281 4223 1359 4275 Rivus
1375 4225 1464 4276 Denisi

296 4303 425 4355 vocatur.”
459 4303 535 4363 Bede,
549 4303 611 4363 111,
628 4315 648 4353 1.
685 4302 800 4354 Nennius
811 4302 872 4353 calls
883 4303 902 4353 it
915 4303 957 4354 the
969 4303 1047 4354 battle
1058 4302 1086 4353 oi
1096 4303 1213 4356 Catscull.

329 4384 503 4436 7Bretwald1.

329 4465 448 4531 eliighth
465 4466 542 4515 ubbot
559 4465 589 4516 oi
607 4465 657 4529 Hy,
676 4464 791 4528 669·67o
828 4465 946 4531 Seghine,
965 4467 1021 4517 who
1039 4467 1060 4519 is
1076 4468 1224 4522 mentioned
1239 4469 1266 4522 in
1278 4469 1321 4525 the
1332 4479 1391 4524 next
1401 4472 1460 4535 line,

296 4564 347 4605 w
358 4549 401 4600 the
412 4548 468 4599 fiith
479 4549 564 4612 abbot,
577 4547 629 4598 and
640 4548 766 4616 govemed
778 4547 841 4599 from
851 4548 900 4617 ⁶²3
911 4556 938 4599 to
949 4550 1006 4613 632.
