3226 5520
652 553 961 623 cornuum.
1341 504 1384 631 ⁶3

221 761 318 826 suerit
340 762 374 825 in
397 761 547 839 excelsis,
561 781 661 846 quem
684 761 717 825 in
741 761 835 826 terris
857 761 904 826 ita
927 759 1146 844 praerogativa
1168 758 1336 842 signorum
1352 765 1386 820 et

221 864 393 950 privilegio
433 865 624 929 meritorum
663 865 757 929 Deus
797 864 982 930 mirificavit
1019 874 1053 928 et
1091 872 1168 948 post
1202 859 1386 946 Apostolos

220 971 415 1035 donativum
445 989 514 1033 suae
544 970 661 1053 gratiae
697 969 907 1034 contradidit
968 969 1122 1052 Namque
1159 969 1192 1031 in
1222 984 1320 1030 carne
1349 973 1386 1028 ut

221 1073 358 1158 angelus
373 1075 487 1138 vivens
513 1083 730 1157 tempestates
745 1074 882 1151 sedavit,
906 1073 1009 1136 maria
1030 1071 1265 1154 tranquillavit,
1284 1066 1386 1133 eccle-

222 1180 304 1243 siam
320 1178 382 1243 sibi
399 1198 464 1242 non
481 1186 631 1261 apertam
656 1176 748 1242 salva
763 1198 836 1241 sera
859 1177 930 1241 sine
952 1178 1044 1242 clave
1060 1196 1208 1260 persaepe
1223 1172 1388 1249 reseravit,

222 1281 415 1365 imprimens
430 1290 561 1345 tantum
586 1281 772 1345 Dominicae
795 1281 900 1345 crucis
921 1280 1073 1364 effigiem.
1120 1281 1199 1344 Post
1221 1274 1385 1361 genicula·

221 1386 346 1449 tionem
370 1385 571 1468 quandoque
595 1404 670 1448 cum
703 1385 852 1449 oratione
876 1385 983 1449 susam
1008 1386 1051 1449 de
1074 1394 1161 1448 terra
1182 1401 1328 1465 surgens,
1352 1380 1386 1443 in

222 1489 356 1553 nomine
383 1489 520 1553 Domini
537 1497 703 1553 mortuum
727 1487 830 1553 filium
857 1488 1029 1571 cujusdam
1050 1487 1169 1571 plebeii
1185 1487 1331 1561 suscitat,
1353 1491 1388 1547 et

222 1602 298 1676 post
312 1592 494 1657 celebratas
509 1592 669 1674 exequias
684 1593 770 1676 patri
786 1602 819 1656 et
843 1593 940 1656 matri
956 1593 1122 1657 viventem
1138 1599 1379 1674 repraesentat.¹

223 1696 325 1780 Lapis
347 1696 446 1760 etiam
474 1695 517 1759 ab
543 1716 583 1759 eo
606 1716 693 1779 aqua
715 1695 873 1761 intinctus
896 1696 1015 1761 mirum
1042 1696 1076 1758 in
1108 1696 1243 1760 modum
1271 1702 1387 1757 contra

222 1810 373 1864 naturam
400 1800 495 1882 aquis
510 1808 713 1881 supernatat,
736 1819 796 1863 nec
813 1799 918 1863 sancti
944 1800 1004 1863 viri
1020 1798 1207 1863 benedictio
1222 1797 1386 1862 ullatenus

221 1903 331 1986 potuit
354 1902 528 1985 submergi.
575 1902 628 1966 De
651 1922 718 1984 quo
743 1910 879 1967 natante
905 1903 1041 1985 quidam
1067 1911 1211 1985 aegrotus
1237 1901 1329 1978 bibit,
1352 1910 1386 1964 et

222 2007 333 2070 statim
354 2026 374 2069 a
395 2006 504 2070 vicina
530 2015 636 2069 morte
663 2006 769 2082 rediit,
792 2007 1021 2090 integramque
1043 2007 1149 2070 carnis
1173 2006 1313 2070 salutem
1338 2024 1385 2067 re·

222 2111 396 2193 cuperavit
443 2109 534 2173 Talis
550 2110 661 2191 itaque
678 2109 761 2192 lapis
783 2119 900 2193 postea
915 2112 948 2174 in
972 2111 1133 2175 thesauris
1157 2111 1258 2192 Regis
1274 2129 1386 2172 recon-

221 2216 310 2280 ditus
343 2214 464 2279 multas
490 2215 648 2278 sanitates
679 2213 712 2276 in
738 2215 863 2297 populo
889 2214 999 2279 effecit
1025 2216 1057 2278 in
1082 2215 1188 2298 digito
1216 2214 1289 2289 Dei,
1318 2233 1385 2294 quo

221 2319 499 2383 benedictuserat
516 2339 574 2401 per
589 2336 724 2382 manum
738 2318 911 2383 Columbae
922 2319 983 2383 viri
1000 2319 1071 2383 Dei.
1087 2331 1098 2358 ²
1144 2318 1268 2384 Silvam
1285 2318 1386 2380 etiam

222 2424 388 2507 ingressus
404 2424 496 2486 mirae
513 2423 750 2507 magnitudinis
765 2443 882 2507 aprum
898 2423 1019 2502 obviat,
1029 2444 1129 2507 quem
1145 2423 1230 2487 sorte
1244 2421 1386 2486 venatici

124 2565 128 2573 ·
222 2548 320 2591 canes
351 2526 653 2611 persequebantur:
690 2547 757 2610 quo
779 2527 851 2591 viso
880 2527 1000 2592 restitit
1031 2527 1182 2605 Sanctus,
1208 2536 1242 2590 et
1272 2535 1387 2589 sancta

223 2651 323 2696 manu
346 2631 496 2725 elevata:
531 2631 689 2707 Ulterius,
712 2631 827 2713 inquit,
850 2631 926 2695 hinc
949 2630 1015 2694 noli
1046 2632 1233 2714 procedere,
1256 2631 1288 2693 in
1313 2630 1386 2693 loco

221 2736 339 2799 eodem
370 2755 519 2800 morere:
553 2745 586 2799 et
611 2744 760 2800 mortuus
790 2744 861 2801 est.³
901 2736 1057 2820 Quinque
1088 2736 1189 2799 etiam
1212 2735 1386 2818 cujusdam

222 2838 364 2903 mendici
390 2838 543 2904 vacculas
569 2838 751 2917 benedixit,
773 2849 808 2904 et
829 2840 863 2903 in
886 2841 1111 2905 centenarium
1141 2848 1174 2904 et
1200 2839 1385 2922 quinarium

222 2962 395 3007 numerum
418 2943 595 3024 procedere
625 2942 735 3024 jussit,
757 2951 791 3006 et
813 2952 884 3006 erat
906 2943 939 3005 in
963 2941 1037 3006 filiis
1060 2951 1094 3005 et
1117 2940 1292 3026 nepotibus
1315 2941 1386 3025 ejus

221 3046 293 3110 haec
309 3046 424 3110 florida
445 3046 653 3111 benedictio.⁴
694 3046 864 3128 Justorum
887 3056 999 3110 autem
1022 3046 1242 3130 quorumdam
1259 3046 1387 3109 animas

221 3148 265 3213 ab
280 3150 406 3232 angelis
422 3149 455 3212 in
471 3148 591 3212 coelum
609 3148 692 3227 ferri,
704 3160 737 3213 et
753 3149 966 3233 reproborum
983 3151 1025 3214 ad
1042 3148 1169 3212 inferna
1184 3168 1205 3211 a
1226 3149 1387 3213 daemoni-

123 3304 127 3311 .
221 3251 283 3315 bus
298 3251 429 3335 deponi,
440 3251 492 3314 hic
510 3251 652 3317 Sanctus
667 3272 895 3336 saepenumero
907 3252 1121 3335 aspiciebat⁵
1167 3250 1382 3318 Oswaldum⁶

221 3375 353 3438 quoque
376 3375 486 3438 regem
521 3357 554 3418 in
579 3356 749 3438 procinctu
774 3355 851 3419 belli
875 3367 983 3419 castra
1010 3363 1180 3432 metatum,
1204 3364 1238 3419 et
1268 3357 1301 3418 in
1326 3374 1387 3418 sua

221 3459 388 3542 papilione
423 3480 523 3542 supra
553 3460 725 3542 pulvillum
753 3460 972 3523 dormientem
1007 3459 1168 3523 allocutus
1199 3468 1257 3536 est,
1285 3461 1384 3523 etad

755 3633 1035 3643 —.--—--——---
1043 3633 1090 3639 ...-
1096 3633 1181 3640 .—

255 3761 264 3789 ι
280 3747 405 3806 lbid.11.,
420 3759 458 3810 32.

252 3844 264 3873 ι
279 3831 345 3881 Ibid.
360 3831 406 3890 ΙΙ.,
422 3842 460 3893 33

252 3924 264 3963 ³
279 3911 407 3972 lbid.11.,
422 3912 460 3962 2⁶.

252 4009 264 4045 ⁴
278 3992 342 4043 Ibid.
358 3992 406 4052 ΙΙ.,
420 4005 458 4042 21.

251 4086 264 4126 s
278 4074 367 4140 Supra,
380 4090 401 4125 c.
415 4074 439 4134 6,
453 4082 501 4125 etc.
536 4075 645 4125 Adamn.
667 4074 729 4136 111,
742 4076 767 4136 6,
781 4087 803 4138 7,
818 4083 865 4127 eto.

251 4156 342 4208 ⁶Curn
354 4157 487 4207 oswaldus
504 4157 620 4217 Edwino,
639 4158 746 4208 Osricho
763 4159 862 4223 rejecto,
876 4157 903 4208 in
920 4172 1022 4223 regnum
1039 4158 1184 4208 successerit
1200 4173 1268 4208 anuo
1284 4159 1341 4224 633,
1354 4175 1385 4209 ex

221 4239 297 4299 Beda,
311 4237 354 4288 lib.
371 4251 393 4298 2,
408 4255 428 4288 c.
444 4239 499 4298 ult,
513 4239 555 4304 qui
568 4239 620 4290 fieri
633 4240 713 4305 potuit
725 4249 752 4290 ut
764 4241 790 4291 S.
805 4239 937 4300 Columba,
952 4238 1000 4304 598
1012 4249 1129 4299 mortuus,
1144 4240 1289 4291 Oswaldum
1301 4257 1384 4306 regern

219 4320 251 4370 sit
263 4320 404 4369 allocutus?
420 4319 467 4368 nisi
479 4319 504 4368 id
517 4319 579 4370 iorte
590 4328 646 4385 post
658 4328 763 4371 mortem
774 4319 917 4385 praestitisse
927 4320 1031 4370 dioetur.
1068 4320 1200 4369 Mabillon.
1236 4320 1385 4370 observatio

219 4401 293 4453 nimis
304 4400 431 4466 insipidar
448 4417 505 4450 nam
517 4401 572 4466 quis
584 4418 692 4467 unquam
705 4402 800 4452 audivit
811 4403 890 4451 virum
902 4402 1034 4462 viventem,
1048 4402 1125 4451 alium
1137 4401 1310 4462 dormientem,
1323 4403 1385 4453 allo·

219 4493 303 4535 cutum
315 4482 389 4532 fuisse
399 4483 409 4531 Ρ
442 4482 574 4533 oswaldus
585 4483 626 4533 bic
637 4483 726 4533 Totius
738 4483 873 4533 Britanniae
885 4482 1024 4548 Imperator
1038 4483 1115 4541 audit,
1130 4483 1188 4548 quia
1200 4484 1385 4548 potentissimus

221 4566 266 4616 luit
277 4581 318 4614 rer
331 4564 357 4614 in
369 4563 507 4615 Britannia.
538 4564 603 4616 Vide
615 4566 677 4616 Bed.
689 4566 736 4626 ΙΙ.,
749 4576 771 4631 5,
782 4566 815 4616 de
823 4565 879 4616 aliis
890 4565 988 4631 regibus
997 4565 1039 4629 qui
1048 4565 1113 4616 banc
1120 4566 1225 4631 gloriam
1232 4576 1383 4619 meruerunt.

220 4647 398 4700 -n‘nkm
