3226 5520
622 498 935 568 COLUMBAE.
1300 513 1360 584 rw

197 705 245 764 De
258 705 365 781 angelo
381 705 512 778 Domini,
528 706 579 782 qui
593 704 681 765 alicui
702 705 781 764 fratri
802 705 886 782 lapso
906 705 946 766 de
969 706 1139 765 monasterii
1163 705 1294 765 culmine
1318 723 1362 765 ro

276 803 361 863 tundi
376 804 406 861 in
422 801 566 863 Roboreti
581 803 698 879 Campo
711 814 879 879 opportune
892 812 953 862 tam
967 803 1028 862 cito
1042 802 1226 863 subvenerat.

197 902 244 960 De
258 902 430 978 angelorum
451 901 641 961 multitudine
662 911 832 961 sanctorum
847 902 908 961 visa
921 902 961 962 ad
975 899 1054 961 beati
1068 901 1240 961 condictum
1255 901 1307 960 viri
1323 901 1362 961 de

276 1000 355 1059 coelo
369 999 624 1059 descendentium.

197 1098 244 1156 De
258 1098 398 1157 columna
411 1098 560 1158 luminosa
580 1098 674 1158 sancti
688 1099 741 1157 viri
755 1098 794 1158 de
807 1099 917 1158 vertice
931 1099 1033 1159 ardere
1047 1099 1117 1159 visa.

198 1196 245 1255 De
259 1195 384 1271 Spiritus
398 1196 499 1256 Sancti
513 1196 708 1256 descensione
728 1197 790 1257 sive
811 1197 978 1257 visitatione
998 1216 1066 1275 quae
1087 1198 1117 1256 in
1136 1197 1241 1257 eadem
1256 1197 1360 1270 insula,

276 1291 369 1353 tribus
384 1295 533 1354 continuis
547 1292 662 1368 diebus,
681 1295 866 1374 totidemque
887 1294 1035 1370 noctibus,
1058 1314 1146 1373 super
1162 1294 1362 1356 venerabilem

277 1392 385 1451 mansit
399 1393 502 1453 virum.

198 1490 245 1548 De
259 1490 400 1566 angelicae
414 1491 488 1549 lucis
501 1490 685 1563 claritudine,
700 1509 791 1568 quam
813 1493 990 1566 Vmouous
1013 1491 1102 1552 bonae
1115 1493 1224 1552 indolis
1236 1492 1361 1568 juvenis,

277 1589 329 1665 qui
346 1599 421 1664 post,
439 1589 506 1648 Deo
525 1600 655 1661 auctore,
677 1589 747 1649 huic
768 1590 883 1666 praeiuit
903 1591 1044 1663 ecclesiae,
1064 1592 1113 1651 cui
1136 1609 1200 1667 ego,
1224 1590 1362 1666 indignus

278 1686 354 1759 licet,
377 1687 519 1760 deservio,
542 1705 630 1764 super
651 1700 787 1748 sanctum
809 1688 993 1750 Couuumu
1015 1691 1047 1749 in
1071 1689 1203 1761 ecclesia,
1226 1687 1362 1748 fratribus

277 1783 396 1843 hiemali
412 1795 499 1844 nocte
514 1785 544 1843 in
559 1783 703 1845 cubiculis
717 1785 947 1862 quiescentibus,
964 1788 1145 1849 descendere
1159 1787 1279 1847 viderat

199 1881 245 1940 De
259 1882 316 1940 alia
330 1900 423 1958 prope
437 1882 525 1941 simili
539 1883 626 1942 celsae
640 1883 823 1943 claritudinis
837 1885 959 1945 visione.

198 1979 245 2038 De
259 1979 316 2040 alia
329 1981 413 2058 parili
427 1981 536 2041 divinae
550 1982 623 2041 lucis
644 1983 836 2058 apparitione.

199 2077 246 2137 De
258 2078 316 2137 alia
329 2079 501 2155 angelorum
516 2090 620 2139 sancto
639 2079 825 2139 manifestata
845 2080 908 2141 viro
928 2080 1134 2158 apparitione;
1155 2098 1232 2157 quos
1253 2090 1364 2140 sanctae

277 2175 341 2251 ejus
363 2176 471 2236 animae
495 2173 615 2237 obviare
639 2176 814 2254 incipientes
837 2178 922 2255 quasi
947 2196 1016 2238 mox
1039 2178 1078 2239 de
1102 2196 1227 2255 corpore
1251 2178 1364 2239 viderat

276 2274 451 2351 migraturae.

197 2371 244 2431 De
258 2372 382 2432 transitu
396 2372 435 2432 ad
451 2373 616 2433 Dominum
630 2374 725 2433 sancti
740 2375 832 2434 nostri
847 2375 962 2451 patroni
977 2373 1152 2435 Conumun.

511 2573 682 2650 Expliciunt
696 2573 835 2652 Capitula
847 2575 940 2635 Tertii
955 2571 1045 2635 Libri.
