3226 5520
612 489 921 559 COLUMBAE.
1286 508 1343 558 1n

183 692 280 774 boris,
309 705 344 762 et
372 695 503 776 idcirco,
528 697 608 781 quia
633 698 847 782 corporaliter
871 698 1004 764 obviam
1032 698 1128 763 nobis
1155 718 1222 762 non
1248 696 1349 775 venit,

182 800 316 882 spiritus
331 800 403 886 ejus
418 802 538 867 nostris
558 801 673 869 obviat
693 803 868 887 gressibus,
890 805 947 889 qui
970 805 1081 870 taliter
1096 824 1157 868 nos
1172 801 1349 868 consolans

184 901 337 968 laetificat
384 904 515 988 Quibus
541 906 664 971 auditis
685 906 805 985 verbis,
826 907 1098 990 ingeniculantes,
1120 926 1196 971 curn
1222 905 1349 989 ingenti

183 1008 414 1090 gratulatione,
429 1010 587 1092 expansis
610 1011 652 1075 ad
676 1011 797 1076 coelum
821 1011 983 1092 manibus,
999 1011 1168 1079 Christum
1185 1011 1217 1074 in
1234 1020 1350 1075 sancto

183 1123 381 1177 venerantur
395 1122 429 1177 et
445 1113 544 1177 beato
558 1113 637 1178 viro.

228 1216 296 1281 Sed
319 1225 354 1281 et
376 1216 439 1280 hoc
461 1217 557 1281 silere
576 1237 642 1281 non
664 1218 826 1283 debemus
840 1220 930 1302 quod
947 1219 1043 1284 nobis
1057 1218 1101 1284 ab
1116 1217 1264 1301 expertis
1278 1217 1349 1302 qui·

184 1318 325 1383 busdam
339 1320 381 1384 de
396 1340 477 1385 voce
492 1320 580 1386 beati
596 1321 792 1405 psalmodiae
803 1323 863 1387 viri
879 1324 1105 1389 indubitanter
1116 1324 1274 1389 traditum
1290 1331 1349 1387 est.

184 1422 271 1507 Quae
299 1424 424 1488 scilicet
447 1445 517 1489 vox
545 1427 741 1490 venerabilis
770 1428 831 1491 viri
860 1428 894 1491 in
924 1427 1063 1492 ecclesia
1092 1448 1168 1492 curn
1195 1426 1349 1492 iratribus

184 1528 400 1605 decantantis,
417 1528 596 1612 aliquando
611 1550 669 1612 per
683 1540 826 1613 quatuor
847 1530 962 1607 stadia,
985 1530 1048 1594 hoc
1070 1539 1130 1608 est,
1151 1530 1351 1614 quingentos

184 1653 309 1716 passus,
325 1633 505 1716 aliquando
519 1654 597 1697 vero
619 1654 679 1718 per
699 1643 785 1712 octo,
807 1634 870 1698 hoc
892 1644 952 1712 est,
975 1634 1064 1698 mille
1085 1655 1209 1718 passus,
1225 1635 1350 1697 incom-

184 1737 322 1821 parabili
349 1737 477 1801 elevata
504 1737 605 1801 modo
630 1738 849 1803 audiebatur.⁴
898 1737 1022 1802 Mirum
1049 1737 1162 1803 dictul
1219 1736 1289 1801 Nec
1316 1738 1349 1801 in

184 1842 318 1907 auribus
334 1860 457 1918 eorum,
472 1842 529 1926 qui
545 1861 657 1906 secum
681 1842 714 1906 in
733 1841 871 1907 ecclesia
892 1843 1027 1907 stabant
1040 1863 1110 1906 vox
1125 1843 1197 1926 ejus
1212 1843 1349 1906 modum

184 1946 340 2010 humanae
354 1946 445 2009 vocis
464 1945 497 2009 in
519 1945 672 2010 clamoris
694 1946 883 2029 granditate
905 1946 1097 2011 excedebat
1144 1946 1211 2012 Sed
1237 1954 1350 2011 tamen

185 2051 302 2114 eadem
318 2050 407 2128 hora,
425 2050 481 2132 qui
505 2049 591 2115 ultra
614 2048 704 2114 mille
729 2070 888 2134 passuum
915 2050 1192 2135 longinquitatem
1207 2051 1351 2129 stabant,

184 2155 230 2218 sic
267 2154 354 2219 clare
390 2155 531 2219 eandem
562 2153 743 2219 audiebant
771 2174 897 2232 vocem,
927 2164 964 2220 ut
994 2154 1067 2218 illos
1097 2175 1180 2238 quos
1210 2154 1350 2219 canebat

184 2259 362 2323 versiculos
392 2259 493 2324 etiam
523 2279 582 2342 per
615 2258 762 2342 singulas
798 2268 935 2342 possent
965 2259 1168 2342 distinguere
1196 2257 1350 2340 syllabas

185 2363 346 2429 Similiter
360 2363 449 2428 enim
465 2363 537 2446 ejus
551 2383 620 2426 vox
648 2363 680 2426 in
707 2362 841 2427 auribus
863 2383 967 2447 prope
981 2372 1015 2427 et
1030 2363 1129 2446 longe
1144 2363 1349 2428 audientium

185 2467 391 2550 personabat
438 2466 505 2532 Sed
521 2466 584 2531 hoc
599 2467 643 2531 de
653 2487 735 2531 voce
750 2467 944 2533 miraculum
960 2466 1049 2532 beati
1060 2467 1120 2531 viri
1134 2487 1199 2531 non
1212 2485 1351 2549 semper,

185 2572 243 2636 sed
274 2591 356 2651 raro,
385 2571 544 2635 accidisse
573 2571 831 2655 comprobatur;
867 2571 956 2654 quod
985 2579 1098 2636 tamen
1128 2571 1199 2635 sine
1236 2569 1351 2634 Divini

186 2674 329 2759 Spiritus
344 2675 452 2757 gratia
467 2674 558 2739 nullo
574 2674 675 2738 modo
691 2673 759 2738 fieri
775 2672 945 2757 potuisset

231 2781 298 2847 Sed
314 2791 348 2844 et
363 2779 444 2844 illud
461 2799 527 2844 non
543 2788 595 2843 est
612 2780 800 2856 tacendum,
815 2779 904 2861 quod
928 2777 1109 2861 aliquando
1122 2776 1166 2841 de
1180 2775 1239 2840 tali
1254 2786 1288 2841 et
1303 2777 1350 2839 in-

185 2884 400 2969 comparabili
414 2883 505 2948 vocis
527 2882 599 2967 ejus
621 2882 849 2948 sublevatione
868 2882 969 2966 juxta
992 2882 1112 2947 Brudei
1135 2881 1221 2964 regis
1245 2881 1350 2944 muni·

183 2991 327 3056 tionem⁵
354 2989 513 3053 accidisse
541 2987 689 3052 traditur.
747 2986 835 3051 Nam
866 2988 936 3069 ipse
967 2985 1110 3051 Sanctus
1135 3005 1211 3048 cum
1237 2985 1352 3069 paucis

185 3093 340 3159 iratribus
355 3101 452 3159 extra
467 3093 553 3177 regis
569 3091 787 3157 munitionem
809 3092 890 3156 dum
905 3089 1141 3173 vespertinales
1157 3089 1221 3153 Dei
1236 3089 1352 3154 laudes

218 3413 231 3450 s
243 3396 299 3447 The
311 3396 439 3460 following
449 3395 571 3446 anecdote
583 3393 729 3444 illustrative
740 3393 770 3444 ol
784 3393 826 3444 the
837 3409 921 3458 power
933 3392 961 3443 oi
976 3393 1012 3445 St.
1027 3391 1173 3444 Columba'r
1184 3391 1254 3443 voice
1265 3392 1287 3442 is
1298 3391 1351 3442 told

185 3479 212 3530 in
224 3480 266 3530 the
278 3478 343 3530 Irish
355 3478 410 3529 lile
421 3478 552 3545 preserved
572 3478 598 3528 iu
619 3477 662 3528 the
682 3476 754 3527 Book
771 3477 801 3527 ol
818 3476 949 3527 minore:
969 3475 1111 3525 “Another
1128 3474 1188 3525 time
1203 3474 1236 3524 he
1251 3475 1302 3525 aud
1313 3475 1353 3525 hir

185 3561 306 3627 guardian
319 3569 385 3612 trent
402 3569 429 3610 to
442 3561 529 3610 attend
546 3576 561 3610 a
578 3559 631 3609 siclt
648 3574 714 3610 meu.
751 3557 788 3608 As
804 3557 863 3622 they
880 3572 945 3607 were
962 3557 1039 3622 going
1058 3555 1165 3621 through
1182 3572 1197 3606 a
1215 3556 1297 3616 nood,
1310 3555 1353 3606 the

184 3643 280 3697 cleric'r
292 3641 521 3705 (Cruithuechau'sl
532 3641 584 3691 soot
596 3641 694 3707 slipped
706 3655 740 3690 ou
751 3640 795 3690 the
806 3637 875 3705 path,
889 3653 918 3688 so
929 3637 982 3688 that
993 3637 1026 3688 he
1035 3637 1077 3688 lell
1088 3638 1138 3688 and
1150 3637 1208 3687 died
1217 3637 1350 3702 suddenly.

186 3726 342 3786 Heredum
355 3724 430 3784 Cille)
447 3723 536 3789 placed
553 3723 593 3772 his
612 3722 685 3773 cloak
706 3722 785 3772 under
801 3722 845 3772 the
860 3718 956 3771 cleric’r
972 3719 1045 3780 head,
1065 3719 1182 3784 thinking
1193 3719 1247 3769 that
1259 3719 1291 3770 he
1303 3734 1353 3770 was

185 3808 278 3872 asleep,
291 3807 342 3856 and
353 3807 434 3871 began
446 3804 590 3869 rehearsing
601 3804 641 3855 his
652 3804 754 3864 lessons,
774 3819 802 3853 so
819 3803 873 3853 that
884 3817 954 3852 some
966 3817 1029 3852 uuus
1040 3801 1116 3852 heard
1128 3801 1167 3851 his
1179 3801 1238 3851 loud
1249 3800 1353 3866 reading

184 3898 210 3939 at
222 3889 287 3939 their
297 3888 398 3939 church.
439 3886 518 3937 What
535 3887 578 3937 the
594 3886 696 3937 learned
713 3887 797 3945 relate,
817 3885 838 3935 is
855 3885 908 3935 that
921 3885 990 3935 there
1002 3883 1352 3934 wasamileaudahallbe·

185 3979 265 4021 tveen
278 3971 356 4031 thern,
368 3971 418 4021 aud
431 3969 474 4020 the
488 3969 569 4019 round
585 3969 614 4018 ol
632 3968 671 4019 his
691 3968 761 4019 voice
778 3968 838 4018 used
856 3975 883 4018 to
900 3967 932 4018 be
951 3967 1020 4018 osten
1038 3967 1115 4018 heard
1127 3966 1181 4017 that
1192 3966 1313 4029 distance,
1326 3975 1353 4017 ut

185 4053 248 4103 dixit
261 4071 268 4104 ε

445 4132 502 4183 'l'he
512 4132 593 4183 round
604 4131 634 4183 oi
641 4132 733 4184 Colum
744 4130 830 4184 Cille's
841 4131 945 4183 voice-

447 4217 525 4266 Great
536 4215 568 4266 its
580 4222 713 4266 sweetnesa
724 4215 806 4265 above
817 4215 851 4265 all
863 4214 983 4266 clerica-

443 4298 483 4348 Το
494 4298 538 4349 the
549 4297 598 4348 end
610 4298 640 4349 ol
648 4297 732 4348 lilteen
744 4297 858 4349 hundred
869 4313 951 4364 paces,

445 4380 555 4447 Though
566 4389 621 4431 vast
632 4380 675 4432 the
686 4380 799 4432 distance
809 4395 839 4432 so
849 4379 887 4431 iar
898 4378 968 4431 ’trras
977 4377 1071 4432 elear.”

187 4476 292 4532 Skeue‘r
306 4476 382 4529 Celtic
392 4477 455 4529 Scor.
468 4476 494 4528 ii.
509 4493 534 4544 p.
547 4475 604 4541 478.

218 4590 230 4635 s
245 4577 360 4633 situated
372 4592 432 4635 near
443 4576 486 4632 the
500 4574 639 4631 uortheut
650 4576 699 4632 eud
710 4575 739 4629 ol
746 4575 816 4630 Loth
828 4576 901 4631 Nera.
936 4576 985 4630 See
996 4576 1033 4630 11.
1048 4589 1088 4647 33.
