3226 5520
611 496 925 566 COLUMBAE.
1291 520 1352 586 1¹9

187 705 362 772 Salchain¹
374 729 382 788 ;
393 727 492 790 quern
504 726 580 772 cum
593 706 737 774 Sanctus
748 707 791 773 ad
802 727 838 773 se
848 727 984 793 vespere
995 709 1182 775 venientem
1194 710 1331 777 vidisset
1344 736 1352 777 ε

188 810 267 890 Ubi,
296 810 352 890 ait,
381 810 537 876 habitas?
583 810 644 876 Ille
672 810 801 895 inquit:
839 813 879 878 In
910 814 1052 897 regione,
1081 835 1158 898 quae
1187 815 1352 882 littoribus

187 915 296 999 stagni
324 913 499 999 Crogreth¹
523 925 573 981 est
596 916 803 981 contermina
824 936 888 1000 ego
910 917 1067 983 inhabito.
1121 918 1227 998 Illam,
1250 941 1350 1003 quarn

186 1020 269 1084 dicis
284 1019 531 1102 provinciolam,
545 1019 592 1085 ait
607 1019 760 1100 Sanctus,
775 1041 862 1086 nunc
883 1022 1013 1087 barbari
1028 1023 1230 1107 populantur
1243 1033 1352 1089 vasta·

185 1133 281 1190 tores
327 1122 405 1207 Quo
420 1124 543 1203 audito,
559 1126 658 1189 miser
672 1125 820 1209 plebeius
837 1128 989 1192 maritam
1005 1136 1039 1193 et
1054 1127 1139 1193 filios
1153 1128 1354 1213 deplangere

187 1227 297 1311 coepit
353 1227 463 1312 Quem
495 1227 637 1295 Sanctus
666 1231 764 1295 valde
794 1240 987 1296 maerentem
1023 1232 1148 1312 videns,
1178 1233 1353 1298 consolans

187 1331 317 1414 inquit:
338 1328 445 1410 Vade,
460 1332 668 1412 homuncule,
682 1335 777 1413 vade,
791 1343 850 1400 tua
872 1335 1031 1400 familiola
1052 1344 1124 1401 tota
1146 1336 1179 1401 in
1204 1347 1352 1402 montem

188 1436 317 1520 fugiens
345 1437 472 1516 evasit3
508 1447 567 1502 tua
596 1459 675 1504 vero
700 1439 812 1504 omnia
838 1440 1015 1523 pecuscula
1044 1460 1156 1505 secum
1186 1440 1354 1506 invasores

187 1542 391 1625 abegerunt,³
418 1562 619 1626 omnemque
655 1543 775 1608 domus
805 1544 1067 1628 suppellectilem
1094 1544 1245 1609 similiter
1273 1546 1352 1610 saevi

187 1655 336 1728 raptores
365 1667 440 1711 cum
471 1647 585 1730 praeda
621 1668 765 1732 rapuere
834 1649 919 1713 Haec
949 1649 1087 1713 audiens
1123 1648 1281 1733 plebeius,
1309 1650 1352 1715 ad

188 1750 330 1834 patriam
352 1771 528 1835 regressus,
542 1762 670 1831 cuncta,
685 1752 770 1817 sicut
785 1773 805 1817 a
828 1751 954 1819 Sancto
976 1752 1144 1836 praedicta,
1159 1752 1205 1816 sic
1227 1752 1354 1818 invenit

188 1854 330 1937 expleta

555 2244 759 2315 CAPUT
793 2246 988 2314 XLVII.

285 2419 338 2485 De
351 2419 490 2504 quodam
496 2419 627 2508 plebeio,
644 2420 746 2487 Goreo
760 2420 896 2501 nomine,
902 2420 980 2506 filio
993 2421 1025 2487 Α
1030 2419 1132 2503 ἱάαηὶ,
1148 2419 1266 2488 Sancti

630 2524 800 2611 prophetiis
824 2524 905 2592 Viri.

190 2704 288 2770 ALIO
303 2703 419 2768 itidem
436 2703 469 2768 in
485 2711 635 2788 ternpore
650 2703 786 2788 quidam
808 2702 966 2788 plebeius,
980 2703 1129 2768 omniurn
1145 2702 1232 2767 illius
1247 2703 1355 2768 aetatls

190 2808 235 2871 in'
247 2806 373 2893 populo
395 2807 588 2875 Korkureti¹
603 2807 800 2872 fortissimus
814 2807 967 2884 virorum,
982 2825 1003 2871 a
1025 2814 1141 2871 sancto
1162 2814 1354 2889 percuncta-

189 2922 243 2977 tur
257 2914 336 2991 viro‚
358 2934 425 2998 qua
441 2922 548 2977 morte
569 2921 656 2978 esset
671 2911 931 2996 praeveniendus
966 2911 1028 2977 Cui
1045 2910 1209 2976 Sanctus:
1227 2909 1298 2975 Nec
1320 2911 1354 2975 ln

188 3016 286 3095 bello,
301 3017 357 3094 ait,
373 3037 433 3081 nec
456 3016 489 3080 in
513 3016 596 3080 mari
619 3016 788 3080 morierisr
817 3034 929 3079 comes
951 3015 999 3079 tui
1021 3014 1155 3092 itineris,
1170 3033 1190 3077 a
1205 3034 1272 3097 quo
1287 3033 1354 3080 non

189 3121 376 3204 suspicaris,
398 3139 498 3184 causa
527 3119 589 3184 erit
617 3128 685 3183 tuae
711 3119 834 3183 mortis.
890 3117 1062 3195 Fortassis,
1084 3117 1193 3201 inquit
1218 3117 1355 3197 Goreus‚

190 3224 308 3307 aliquis
330 3222 374 3288 de
396 3224 477 3288 meis
503 3222 740 3288 comitantibus
762 3222 877 3287 amicis
900 3242 953 3287 me
968 3223 1131 3287 trucidare
1146 3223 1279 3306 cogitet,
1298 3233 1357 3288 aut

190 3328 308 3392 marita
331 3326 375 3392 ob
396 3326 535 3409 alicujus
558 3327 698 3410 junioris
720 3327 780 3391 viri
806 3345 953 3391 amorem
981 3345 1034 3390 me
1058 3324 1221 3390 maleficio
1243 3326 1355 3391 morti·

191 3430 297 3496 ficare.
342 3431 501 3497 Sanctus:
525 3431 602 3495 Non
616 3431 671 3509 ita,
683 3431 738 3508 ait,
750 3431 928 3514 continget
967 3429 1088 3516 Quare,
1101 3429 1229 3495 Goreus
1241 3430 1357 3515 inquit,

190 3537 233 3601 de
255 3555 330 3599 meo
353 3533 562 3601 interfectore
586 3535 665 3599 mihi
692 3554 780 3600 nunc
806 3534 959 3599 intimare
981 3553 1048 3599 non
1070 3535 1146 3598 vis?
1191 3533 1356 3599 Sanctus:

192 3638 328 3716 Idcirco,
344 3639 399 3717 ait,
416 3639 494 3703 nolo
508 3638 569 3706 tibi
584 3639 627 3704 de
642 3639 700 3704 illo
715 3648 774 3704 tuo
788 3638 910 3704 comite
925 3657 1033 3703 nocuo
1048 3657 1136 3702 nunc
1151 3636 1357 3701 manifestius

190 3743 315 3826 aliquid
340 3743 477 3821 edicere,
504 3763 545 3807 ne
572 3753 606 3808 te
627 3744 699 3827 ejus
721 3741 835 3808 crebra
860 3742 1021 3826 recogniti
1047 3742 1232 3806 recordatio
1258 3740 1357 3805 nimis

190 3845 383 3926 maestificet,
412 3846 519 3912 donec
555 3847 667 3913 veniat
703 3848 783 3927 dies,
816 3867 884 3932 qua
917 3847 1067 3930 ejusdem
1105 3846 1150 3910 rei
1180 3846 1354 3910 veritatem

190 3951 352 4034 probabis
406 3949 497 4034 Quid
520 3950 735 4017 immoramur
756 3953 889 4017 verbis?
943 3952 1023 4016 Post
1045 3950 1173 4034 aliquot
1194 3970 1357 4015 annorum

223 4178 233 4207 ¹
247 4170 349 4230 salerni,
364 4171 393 4223 B.
430 4171 541 4238 Perhaps
551 4170 640 4223 Corrie
650 4170 792 4232 Ssllaehan,
806 4186 863 4223 norr
875 4169 962 4236 Corry,
975 4169 1002 4221 ln
1019 4171 1133 4221 Morren.

222 4269 387 4330 moenem,
406 4270 436 4322 s.
473 4270 563 4323 nicea
582 4271 616 4337 r,
633 4271 729 4336 mum
749 4271 776 4322 n
793 4270 902 4332 uerna
921 4271 967 4322 unt
985 4269 1111 4338 1210ou
1127 4283 1187 4321 m
1205 4266 1249 4319 us
1267 4265 1358 4318 sonu:

190 4350 250 4402 land
262 4352 288 4402 iu
300 4352 343 4402 the
354 4351 561 4418 neighbourhood
572 4352 602 4405 of
610 4353 653 4406 the
665 4353 732 4405 Picis
742 4353 794 4405 aud
805 4354 910 4407 Suom

224 4433 413 4498 sambigerunr,
428 4434 457 4484 B.

226 4521 234 4548 ¹
250 4514 392 4580 corforepti,
407 4515 437 4566 B.
473 4515 599 4581 Probably
610 4515 744 4578 Corlraree,
763 4532 780 4567 a
795 4515 890 4583 harony
901 4515 927 4568 in
946 4515 1110 4580 Wertmesth,
1132 4523 1161 4568 to
1179 4513 1222 4568 the
1241 4512 1316 4566 north
1332 4512 1362 4565 of

196 4596 352 4665 Mulliugerr
368 4597 413 4650 het
423 4597 457 4650 its
466 4597 572 4667 ldenrlty
582 4597 604 4650 ir
617 4598 741 4651 doubtful.
