3226 5520
221 511 283 586 134
508 493 656 560 VITA
695 493 999 560 II.-.-LIBER
1036 491 1092 559 11.

634 783 828 853 CAPUT
864 785 965 853 Vll.

227 958 280 1026 De
292 968 390 1055 petra
410 959 491 1027 salis
511 982 534 1027 a
557 960 676 1030 Sancto
697 958 865 1040 benedicta,
886 981 984 1047 quam
1007 956 1096 1046 ignis
1115 956 1287 1026 absumere
1310 977 1376 1025 non

738 1067 853 1150 potuit.

218 1202 316 1271 Auo
338 1203 452 1269 itidem
477 1202 509 1270 in
533 1213 691 1289 tempore,
710 1205 828 1289 Colgu¹
854 1204 940 1270 filius
963 1202 1110 1271 Cellachi
1132 1201 1345 1288 postulatam
1367 1224 1392 1271 a

218 1307 343 1375 Sancto
365 1320 493 1393 petram
516 1310 593 1374 salis
617 1311 826 1375 benedictam
850 1311 979 1393 accipit,
994 1309 1096 1374 sorori
1115 1318 1151 1374 et
1167 1328 1239 1373 suae
1262 1309 1391 1375 nutrici

217 1412 431 1499 profuturam,
449 1434 524 1497 quae
547 1413 763 1498 ophthalmiae
786 1414 958 1480 laborabat
980 1414 1077 1479 valde
1098 1413 1190 1498 gravi
1214 1413 1390 1498 languore.

217 1516 335 1583 Talem
358 1519 524 1602 eulogiam
540 1519 657 1583 eadem
673 1540 765 1583 soror
780 1531 813 1584 et
836 1519 977 1584 nutricia
991 1520 1034 1584 de
1057 1538 1157 1583 manu
1173 1517 1285 1583 fratris
1300 1519 1389 1583 acci·

217 1621 319 1709 piens,
331 1622 364 1685 in
377 1624 502 1707 pariete
510 1643 608 1706 super
618 1623 739 1690 lectum
752 1625 941 1708 suspendit;
953 1642 1096 1707 casuque
1108 1632 1183 1706 post
1191 1622 1391 1706 aliquantos

216 1726 356 1810 contigit
385 1728 465 1805 dies,
494 1738 530 1794 ut
560 1728 648 1793 idern
679 1729 813 1807 viculus,
843 1749 918 1794 cum
948 1728 1146 1811 supradictae
1179 1727 1390 1793 domuncula

217 1829 359 1908 seminae,
378 1830 513 1897 flamma
527 1841 688 1910 vastante,
703 1843 794 1898 totus
816 1843 1088 1901 concremaretur.
1133 1831 1257 1897 Mirum
1280 1832 1389 1913 dictu,

217 1933 304 2000 illius
329 1936 463 2020 parietis
486 1937 655 2022 particula,
671 1958 713 2002 ne
735 1937 823 2003 beati
848 1938 907 2002 viri
922 1938 957 2003 in
979 1958 1019 2003 ea
1033 1936 1197 2021 deperiret
1219 1956 1389 2021 suspensa

217 2038 414 2119 benedictio,
439 2051 517 2127 post
539 2050 645 2107 totam
672 2042 860 2106 ambustam
887 2043 1035 2120 domum,
1060 2052 1153 2107 stans
1178 2038 1286 2104 illaesa
1312 2061 1389 2125 per-

218 2143 362 2223 mansit;
384 2165 446 2209 nec
469 2145 556 2231 ignis
579 2166 679 2211 ausus
701 2154 752 2210 est
775 2146 939 2231 attingere
963 2144 1100 2225 binales,
1114 2144 1148 2209 in
1170 2143 1294 2229 quibus
1308 2144 1390 2211 talis

218 2246 387 2335 pendebat
401 2248 479 2314 salis
493 2260 597 2335 petra,
613 2251 734 2317 sudes·

607 2575 808 2644 CAPUT
850 2577 992 2643 VIII.

217 2750 269 2816 Dc
282 2750 417 2816 librario
426 2750 513 2832 folio
529 2749 646 2816 Sancti
659 2772 759 2816 manu
774 2750 935 2834 descrfflo,
948 2750 1036 2834 quod
1045 2771 1132 2835 aqua
1145 2753 1312 2837 commpi
1325 2775 1391 2821 non

737 2864 853 2940 poturi.

220 2996 346 3062 ALIUD
377 2995 570 3060 miraculum
608 2995 738 3060 aestimo
768 3016 835 3058 non
866 2997 1053 3074 tacendum,
1083 2996 1172 3079 quod
1203 2995 1391 3080 aliquando

218 3101 341 3166 lactum
370 3113 419 3165 est
447 3123 504 3183 per
530 3103 728 3164 contrarium
758 3101 966 3165 elementum.
1029 3101 1210 3165 Multorum
1240 3122 1390 3186 namque

218 3208 412 3270 transcursis
428 3226 589 3269 annorum
606 3207 734 3269 circulis
750 3217 824 3289 post
844 3206 931 3269 beati
948 3207 989 3269 ad
1008 3207 1189 3270 Dominum
1207 3210 1388 3273 transitum

217 3312 287 3388 viri,
311 3310 446 3393 quidam
468 3310 598 3392 juvenis
621 3311 663 3373 de
688 3331 774 3391 equo
797 3309 908 3393 lapsus
930 3312 962 3373 in
980 3310 1123 3387 flumine,
1138 3312 1227 3393 quod
1253 3311 1390 3378 Scotice

219 3414 334 3477 Boend
348 3414 517 3488 vocitatur,
528 3433 653 3476 mersus
666 3423 699 3477 et
712 3424 869 3491 mortuuS,
881 3414 998 3497 viginti
1011 3414 1073 3478 sub
1084 3434 1170 3496 aqua
1182 3413 1300 3478 diebus
1313 3437 1388 3499 per·

220 3519 342 3582 mansit
356 3540 364 3597 ;
378 3518 444 3600 qui,
460 3518 556 3581 sicuti
579 3519 640 3582 sub
656 3518 784 3595 ascella,
800 3519 931 3596 cadens,
947 3518 1047 3582 libros
1062 3519 1095 3582 in
1112 3518 1250 3600 pelliceo
1271 3539 1387 3585 recon-

219 3623 308 3686 ditos
319 3620 461 3685 sacculo¹
476 3620 630 3699 habebat,
642 3622 688 3685 ita
703 3622 804 3685 etiam
820 3631 897 3705 post
908 3642 1008 3705 supra
1020 3630 1239 3686 memoratum
1255 3623 1387 3689 dierum

219 3745 393 3790 numerum
412 3734 462 3790 est
478 3734 634 3808 repertus,
657 3725 824 3791 sacculum
851 3746 927 3791 cum
944 3725 1033 3791 libris
1056 3727 1141 3791 inter
1155 3726 1329 3792 brachium
1353 3739 1388 3795 et

218 3831 305 3894 latus
320 3830 493 3894 continens
509 3851 517 3909 ;
539 3829 632 3912 cujus
647 3830 747 3894 etiam
771 3830 814 3894 ad
830 3831 957 3894 aridam
973 3839 1141 3913 reportato
1164 3832 1337 3911 cadavere,
1352 3842 1388 3899 et

219 3944 334 4018 aperto
371 3933 510 4011 sacculo,
544 3932 660 3999 lolium
705 3934 809 3999 sancti
855 3934 1028 4000 Columbae
1065 3935 1187 4000 sanctis
1224 3937 1387 4020 scriptum

219 4039 376 4123 digitulis,
391 4040 477 4103 inter
491 4039 630 4104 aliorum
650 4038 728 4102 solia
751 4039 907 4103 librorum
928 4060 994 4104 non
1009 4050 1140 4106 tantum
1155 4051 1311 4125 corrupta
1326 4045 1387 4109 sed

253 4261 263 4288 ¹
277 4258 316 4307 col
336 4256 367 4316 'u,
383 4257 410 4306 B.

252 4273 427 4390 2Tbglstakes
437 4355 466 4388 or
476 4339 589 4405 uprigbts
601 4339 708 4406 forming
719 4341 761 4393 the
772 4342 885 4392 skeleton
897 4342 925 4392 oi
939 4343 981 4394 the
993 4343 1081 4395 burdle
1092 4344 1157 4395 wall.
1193 4343 1273 4395 Seec.
1290 4355 1313 4408 3,
1328 4351 1390 4397 note

223 4433 242 4480 Ι,
254 4429 377 4553 ¹mgImDr
393 4503 497 4554 Reeves'
514 4512 572 4554 note
589 4505 617 4553 r'n
634 4507 688 4566 loc,
708 4507 805 4566 Stokes‚
826 4509 910 4572 Early
923 4509 1016 4561 Christ.
1030 4511 1083 4559 Art
1098 4509 1128 4560 in
1139 4509 1249 4568 Irelanrl,
1264 4525 1307 4574 pp.
1320 4521 1356 4575 50
1365 4518 1390 4563 et

218 4601 265 4655 seq.
275 4601 288 4646 ,·
303 4586 354 4637 and
365 4586 410 4637 Dr.
423 4587 475 4657 Jos.
491 4587 647 4642 Andersou's
656 4589 718 4643 Scor.
733 4591 762 4640 ἐκ
773 4591 858 4659 Early
871 4592 964 4644 Christ.
984 4593 1074 4655 Times,
1087 4592 1115 4655 ἰ..
1129 4608 1172 4661 pp.
1189 4603 1235 4657 130
1245 4598 1270 4642 et
1279 4608 1331 4663 seq.
