3226 5520
223 448 289 506 που
504 433 651 504 VITA
690 430 995 502 ll.-LIBER
1033 433 1119 501 111.

222 643 305 708 mihi
319 640 400 710 totis
419 643 545 710 viribus
565 643 696 728 roganti
718 642 864 721 donavit,
889 652 928 709 ut
952 642 1016 708 hae
1036 643 1071 708 ln
1092 641 1149 709 dle
1162 643 1206 708 ad
1220 641 1335 727 lpmm
1354 642 1402 709 de

223 749 350 812 mundo
372 751 555 829 transirem,
577 749 757 815 multarum
780 749 888 832 magis
910 748 1123 815 ecclesiarum
1149 766 1210 831 pro
1235 766 1293 812 me
1318 768 1400 812 ora-

221 853 330 917 tiones
345 855 538 933 exaudiens,
553 855 644 919 dicto
659 854 755 918 citius
771 853 968 917 immutavit.
1000 851 1131 936 Quibus
1145 851 1272 915 scilicet
1286 851 1401 915 eccle·

220 955 278 1020 siis
292 955 510 1023 exorantibus
524 956 571 1021 sic
586 978 607 1021 a
622 956 771 1021 Domino
785 957 947 1021 donatum
967 967 1027 1034 est,
1048 962 1094 1032 ut,
1109 954 1295 1039 quamlibet
1309 974 1396 1020 con·

221 1068 273 1125 tra
288 1081 397 1126 meam
412 1060 628 1141 voluntatem,
643 1070 787 1146 quatuor
807 1061 852 1125 ab
873 1060 935 1125 hac
957 1060 1012 1124 die
1035 1059 1116 1125 mibi
1131 1061 1281 1125 incarne
1295 1079 1396 1124 man·

221 1165 289 1230 enti
316 1167 581 1250 superaddantur
606 1165 692 1231 anni.
740 1166 824 1230 Haec
850 1165 927 1230 talis
957 1164 1038 1228 mihi
1064 1173 1181 1230 maesta
1206 1163 1396 1229 retardatio

221 1266 390 1334 hodiemae
420 1268 678 1335 tristificationes
707 1290 774 1334 non
804 1270 971 1334 immerito
998 1288 1099 1334 causa
1122 1269 1196 1334 suit
1255 1267 1395 1352 Quibus

221 1371 374 1440 videlicet
390 1384 533 1458 quatuor
546 1373 673 1455 suturis,
696 1373 771 1438 Deo
793 1374 947 1458 propitio,
970 1372 1154 1438 terminatis
1177 1372 1211 1436 in
1234 1371 1300 1436 hac
1321 1373 1397 1437 vita

221 1478 326 1556 annis,
341 1478 451 1543 subita
465 1477 692 1561 emigratione,
715 1476 805 1543 nulla
828 1478 1037 1561 praecedente
1058 1475 1204 1560 corporis
1226 1475 1396 1554 molestia,

220 1601 296 1645 cum
320 1582 443 1647 sanctis
466 1583 546 1646 mihi
570 1582 751 1647 obviaturis
775 1582 832 1645 illo
855 1582 888 1645 in
916 1591 1066 1665 tempore
1088 1578 1224 1664 angelis,
1247 1579 1293 1644 ad
1319 1579 1395 1645 Do·

221 1684 348 1750 minum
364 1686 460 1751 laetus
475 1686 653 1770 emigrabo.
700 1685 892 1753 Secundum
908 1685 980 1750 haec
994 1685 1103 1763 verba,
1118 1685 1168 1750 vir
1181 1684 1394 1761 venerabilis,

220 1810 296 1873 quae
312 1810 379 1855 non
395 1792 466 1855 sine
482 1811 606 1875 magno
623 1791 749 1875 gemitu
766 1800 799 1855 et
815 1810 961 1868 maerore,
984 1799 1022 1855 ut
1044 1789 1192 1866 traditur,
1207 1807 1340 1853 necnon
1358 1799 1395 1853 et

219 1892 346 1974 ingenti
371 1893 658 1977 lacrymabilitate,
679 1892 871 1977 prolocutus
897 1902 957 1971 est,
979 1900 1122 1975 quatuor
1147 1900 1265 1976 postea
1291 1892 1394 1956 annis

219 1993 368 2063 incarne
390 1998 520 2063 mansit

585 2350 790 2419 CAPUT
828 2350 1017 2417 XXlll.

217 2542 271 2612 Dc
295 2543 438 2611 transitu
464 2543 514 2609 ad
533 2540 715 2608 Dominum
736 2542 843 2608 sancti
865 2556 915 2608 ἀι
935 2542 1136 2624 venerabilis,
1156 2543 1226 2610 Deo
1246 2543 1388 2623 dilecti·

574 2647 719 2713 Patroni
739 2649 844 2713 nostri
866 2647 1031 2715 Columbo.

407 2824 422 2908 ᾗ
442 2839 466 2888 1.
514 2820 668 2888 Columba
690 2822 805 2887 mortib
824 2842 891 2887 nee
911 2821 1026 2888 horam
1040 2821 1196 2906 proedr‘cit.

219 2980 421 3046 ANNORUM
444 2999 544 3061 supra
565 2988 708 3060 quatuor
732 2986 991 3042 memoratorum
1014 2978 1156 3043 termino
1174 2976 1245 3062 jam
1265 2998 1390 3063 appro-

218 3086 410 3169 pinquante,
437 3091 513 3166 post
536 3103 676 3165 quorum
700 3083 966 3165 completionem,
990 3081 1089 3146 finem
1114 3084 1285 3167 praesentis
1308 3085 1392 3148 vitae

218 3189 380 3254 veridicus
396 3198 599 3270 praesagator
615 3188 676 3250 sibi
701 3186 846 3250 iuturum
870 3187 939 3250 fore
963 3187 1068 3252 multo
1091 3198 1168 3251 ante
1191 3188 1391 3270 praesciebat

218 3303 378 3376 tempore,
401 3294 548 3375 quadam
575 3292 637 3367 die,
668 3311 782 3354 mense
807 3291 907 3368 Maio,
934 3291 1018 3355 sicut
1045 3293 1078 3355 in
1105 3292 1212 3375 priore
1239 3294 1391 3358 secundo

217 3399 408 3481 scripsimus
436 3397 528 3474 libr0,
553 3397 594 3459 ad
622 3395 805 3459 visitandos
831 3397 997 3478 operarios
1021 3395 1136 3460 fratres
1162 3417 1267 3460 senex
1293 3398 1390 3461 senio

216 3503 329 3580 sessus,
356 3502 504 3584 plaustro
529 3510 652 3578 vectus,
679 3500 793 3582 pergit
849 3499 907 3563 Ad
934 3521 1027 3582 quos,
1049 3501 1083 3563 in
1106 3501 1244 3564 occidua
1267 3501 1387 3566 insulae

220 3606 309 3670 Ionae
336 3603 524 3667 laborantes
551 3613 653 3686 parte,
675 3603 722 3665 sic
748 3623 788 3666 ea
810 3603 864 3667 die
887 3624 1026 3667 exorsus
1053 3612 1103 3667 est
1130 3603 1228 3686 loqui,
1252 3604 1389 3668 dicens:

221 3712 259 3776 In
277 3708 427 3773 Paschali
444 3708 654 3771 solemnitate
671 3727 776 3790 nuper
796 3706 905 3790 Aprili
928 3717 1062 3790 peracta
1086 3727 1208 3786 mense,
1222 3708 1390 3774 desiderio

218 3813 402 3881 desideravi
418 3813 460 3876 ad
478 3812 646 3877 Christum
664 3812 858 3889 Dominum,
876 3812 961 3874 sicut
977 3821 1010 3874 et
1026 3811 1106 3874 mihi
1123 3813 1166 3876 ab
1181 3832 1221 3875 eo
1235 3832 1388 3876 concess·

218 3940 291 3984 sum
307 3929 386 3996 erat,
402 3918 428 3980 si
445 3917 647 3993 maluissem,
661 3917 830 3997 emigrare.
877 3916 944 3981 Sed
968 3936 1009 3978 ne
1032 3916 1125 3979 vobis
1149 3915 1273 3979 laetitiae
1296 3917 1388 3981 lesti-

217 4025 302 4088 vitas
329 4023 361 4086 in
389 4023 555 4086 tristitiam
583 4030 772 4097 verteretur,
797 4022 885 4084 diem
913 4041 996 4082 meae
1023 4021 1066 4083 de
1093 4020 1218 4083 mundo
1244 4022 1388 4104 emigra-

217 4127 317 4192 tionis
333 4126 432 4208 paulo
448 4126 571 4188 diutius
588 4125 742 4207 protelari
759 4125 867 4187 malui.
903 4124 966 4186 His
982 4123 1080 4187 abeo
1093 4124 1217 4187 maestis
1230 4127 1386 4189 monachi

217 4231 395 4296 familiares
417 4231 539 4294 auditis
562 4230 693 4293 interim
717 4229 814 4292 dictis
837 4228 933 4292 valde
957 4227 1132 4292 tristificati
1159 4240 1243 4294 suut.
1290 4228 1387 4311 Quos

217 4338 250 4399 in
267 4345 429 4418 quantum
446 4344 576 4417 poterat
591 4334 698 4397 verbis
715 4334 816 4416 coepit
832 4333 1060 4396 consolatoriis
1081 4332 1255 4398 laetificare
1301 4334 1385 4418 Qui·

670 4547 701 4575 Μ
711 4535 739 4586 Β.
754 4534 822 4586 cou.
836 4551 883 4587 om.
898 4536 933 4587 Α.
