3226 5520
614 495 926 565 conuulsa.
1292 511 1352 581 197

184 707 238 764 tur
252 698 432 765 ecclesiam.
479 700 733 784 Virgnoumque
751 700 849 765 valde
871 700 1064 766 timoratum
1087 700 1130 766 ad
1154 721 1190 765 se
1211 701 1355 768 crastina

183 806 325 869 advocat
351 807 414 883 die,
440 805 558 888 hisque
584 804 739 870 brevibus
765 805 946 888 compellat
970 805 1200 870 consolatoriis
1225 808 1354 874 verbis:

184 909 284 988 Bene,
307 910 338 976 Ο
362 909 470 988 filiole,
487 910 703 992 ingeminans,
723 910 786 974 hac
807 911 974 993 praeterita
997 918 1095 975 nocte
1117 911 1150 973 in
1173 921 1353 995 conspectu

183 1014 247 1078 Dei
272 1014 433 1097 placuisti,
456 1014 569 1078 oculos
592 1015 634 1079 ad
659 1024 780 1078 terram
803 1014 1030 1098 deprimendo,
1051 1013 1211 1079 claritatis
1234 1016 1352 1080 timore

182 1119 374 1202 perterritus
403 1118 496 1201 ejus;
527 1139 614 1196 narn,
640 1119 667 1182 si
699 1139 765 1182 non
798 1119 843 1182 ita
874 1119 1013 1194 fecisses,
1044 1117 1100 1182 illa
1129 1118 1352 1183 inaestimabili

182 1221 428 1285 obcaecarentur
454 1223 502 1286 tui
529 1222 602 1286 luce
627 1223 699 1287 visa
724 1222 819 1287 oculi.
866 1222 933 1288 Sed
960 1221 1024 1285 hoc
1051 1241 1118 1285 non
1145 1221 1352 1306 negligenter

180 1326 355 1389 observare
370 1326 515 1405 debebis,
531 1334 569 1391 ut
583 1326 685 1391 talem
709 1326 794 1391 hanc
810 1325 892 1390 lucis
908 1326 1210 1391 manifestationem
1227 1326 1351 1392 nemini

181 1450 328 1513 unquam
346 1431 377 1494 in
395 1451 470 1494 mea
485 1432 633 1495 denudes
648 1436 725 1496 vita
773 1431 857 1495 Haec
874 1431 986 1513 itaque
1000 1429 1221 1513 praedicabilis
1244 1439 1277 1496 et
1293 1431 1350 1495 ad·

182 1534 340 1598 mirabilis
356 1555 415 1612 res,
431 1544 507 1618 post
522 1535 611 1600 beati
626 1536 686 1600 viri
703 1536 888 1614 transitum,
904 1535 1025 1612 multis,
1041 1535 1159 1599 eodem
1175 1534 1350 1619 Virgnouo

181 1648 343 1716 narrante,
359 1639 510 1703 innotuit
565 1639 669 1722 Cujus
692 1639 816 1704 scilicet
831 1639 994 1723 Virgnoui
1011 1639 1131 1703 sororis
1146 1639 1232 1703 filius
1249 1638 1349 1706 Com·

182 1755 321 1819 manus,⁴
345 1742 547 1807 honorabilis
570 1743 750 1826 presbyter,
772 1742 853 1807 mihi
874 1743 1078 1807 Adamnano
1100 1742 1227 1807 dehac
1250 1762 1349 1827 supra

179 1846 306 1909 visione
321 1854 480 1909 caraxata
495 1846 684 1930 aliquando,
696 1847 759 1911 sub
774 1845 1007 1912 testificatione
1019 1856 1235 1912 enarraverat.
1281 1847 1348 1931 Qui

181 1949 280 2012 etiarn
305 1959 490 2013 enarratam
510 1949 553 2013 ab
575 1969 632 2014 ore
655 1951 757 2034 ipsius
779 1950 952 2034 Virgnoui,
975 1951 1114 2029 abbatis,
1138 1959 1172 2016 et
1194 1952 1349 2016 avunculi

180 2051 240 2130 sui,
255 2052 298 2116 ab
313 2073 354 2116 eo
369 2053 402 2116 in
419 2061 581 2136 quantum
597 2053 707 2137 potuit
722 2054 836 2132 visam,
852 2054 1009 2119 audierat

598 2526 626 2594 C
640 2527 672 2592 A
687 2529 712 2593 P
726 2528 803 2596 UT
841 2527 873 2594 X
887 2528 931 2596 X.

352 2750 405 2816 De
417 2751 487 2816 alia
494 2761 593 2836 prope
606 2751 713 2817 simili
725 2752 812 2817 celsae
825 2750 1034 2817 claritudinis
1048 2751 1177 2818 virm

180 2959 278 3026 Anu
293 2961 409 3026 itidem
425 2969 531 3038 nocte,
546 2960 683 3044 quidam
707 2963 749 3026 de
772 2959 935 3038 fratribus,
951 2958 1089 3043 Colgius
1104 2958 1247 3037 nomine,
1262 2957 1349 3023 filius

178 3065 272 3128 Aido
288 3064 500 3147 Draigniche,
515 3065 558 3128 de
575 3065 764 3147 Nepotibus
781 3063 968 3140 Fechrech,¹
982 3063 1077 3146 cujus
1092 3064 1125 3127 in
1141 3064 1249 3147 primo
1264 3062 1349 3127 libro

178 3166 317 3230 fecimus
330 3166 542 3242 mentionem,
555 3187 633 3230 casu
645 3169 687 3231 ad
697 3167 836 3249 januam
848 3165 1004 3242 ecclesiae,
1013 3165 1087 3229 aliis
1098 3166 1348 3245 dormientibus,

177 3270 320 3347 devenit,
346 3270 537 3353 ibidemque
564 3271 769 3354 aliquamdiu
796 3278 889 3334 stans
914 3269 1038 3334 orabat.
1094 3269 1182 3334 Tum
1209 3271 1349 3353 proinde

178 3372 290 3436 subito
305 3380 410 3436 totam
427 3372 519 3435 videt
534 3373 707 3436 ecclesiam
723 3372 851 3436 coelesti
874 3370 946 3435 luce
969 3370 1106 3454 repleri:
1128 3391 1203 3455 quae
1223 3371 1348 3439 scilieet

178 3474 350 3557 fulguralis
376 3475 436 3539 lux
463 3477 554 3539 dicto
577 3477 675 3540 citius
699 3476 743 3540 ab
766 3477 838 3559 ejus
862 3476 996 3540 recessit
1019 3474 1130 3540 oculis
1185 3475 1346 3542 Sanctum

177 3599 257 3643 vero
273 3579 473 3644 Columbam
490 3580 571 3643 hora
583 3581 700 3644 eadem
714 3580 800 3643 intra
811 3579 984 3644 ecclesiam
996 3588 1147 3644 orantem
1163 3579 1346 3662 ignorabat.

179 3685 326 3766 Postque
348 3684 450 3747 talem
473 3684 617 3748 subitam
642 3684 775 3747 luminis
797 3683 1050 3767 apparitionem,
1064 3682 1162 3747 valde
1176 3684 1347 3766 pertimes-

177 3808 264 3864 cens,
280 3789 417 3852 domum
435 3789 614 3853 revertitur.
662 3789 797 3853 Postera
819 3788 874 3852 die
897 3787 1048 3864 Sanctus,
1063 3788 1156 3851 illum
1171 3789 1348 3868 advocans,

177 3893 326 3976 asperius
341 3893 537 3976 objurgavit,
555 3893 725 3976 inquiens:
749 3893 802 3956 De
817 3902 939 3956 caetero
959 3911 1144 3974 praecavere
1166 3890 1276 3967 debes,
1292 3892 1348 3972 fili,

178 4019 229 4075 ne,
240 3997 334 4080 quasi
350 3998 551 4080 explorator,
564 3996 698 4060 coeleste
714 3995 836 4073 lumen,
848 3996 936 4079 quod
954 3994 1013 4059 tibi
1031 4002 1159 4057 nonest
1175 3994 1346 4075 donatum,

178 4102 338 4184 inspicere
354 4101 489 4177 coneris,
505 4102 583 4182 quia
607 4111 640 4165 te
659 4098 805 4184 effugiet,
827 4109 861 4164 et
884 4119 926 4164 ne
948 4097 1045 4162 alicui
1069 4099 1101 4161 in
1126 4097 1207 4161 meis
1229 4097 1346 4162 diebus

178 4206 267 4289 quod
283 4204 395 4269 vidisti
411 4225 549 4268 enarres.

210 4525 221 4561 4
235 4507 341 4559 Brother
352 4508 380 4558 of
389 4508 512 4560 Cuimene
524 4508 625 4570 sirbiae,
640 4509 683 4560 the
694 4508 797 4560 teventh
808 4508 895 4562 Abbot
906 4507 935 4559 of
944 4508 997 4577 117,
1010 4505 1126 4577 657469

212 4597 220 4625 ¹
238 4589 345 4659 fechreg,
360 4590 412 4651 Α.;
430 4590 520 4652 fecreh,
534 4591 602 4645 Cott.
