3226 5520
657 759 709 825 Qui
720 759 771 811 suis
782 760 825 811 dut
836 758 968 826 prmsidise.

658 843 689 893 In
700 841 817 908 purudiso
828 840 940 893 ecclesius

656 923 781 975 Virtutem
792 938 823 974 α
834 922 967 975 dulcedine

657 1006 791 1072 Spirumen
801 1005 845 1058 dut
856 1012 996 1057 neomuturn

653 1087 779 1140 Niniunus
790 1087 937 1141 ooeloetium.

658 1169 710 1220 Hic
722 1169 847 1220 Ninienus
858 1170 962 1221 sumitur

657 1252 761 1304 Cslcuto
772 1251 841 1303 luctu
852 1252 945 1312 soeculi.

656 1332 755 1383 Coelnm
767 1332 845 1384 victor
857 1333 994 1400 ingreditur

657 1415 722 1466 Cum
734 1415 822 1466 turmis
833 1416 906 1467 multi
918 1415 1013 1482 populi.

656 1498 724 1561 Iesu,
738 1506 818 1549 rector
830 1497 986 1559 luctantium,

656 1580 713 1630 Tun
724 1595 770 1630 nos
781 1595 838 1646 rege
850 1580 938 1647 vulis,

657 1661 850 1727 Supplentcndo
861 1661 1014 1723 demonium,

658 1744 791 1806 Mundum,
805 1760 906 1796 curnem
914 1744 1020 1810 justitie.

353 1825 416 1876 Ant.
449 1824 502 1878 Oru
514 1824 613 1876 Christe
624 1824 754 1876 victorium
764 1842 772 1887 ς
785 1824 791 1891 Ι
805 1825 830 1879 0
841 1842 917 1892 quum
928 1826 971 1893 piu
982 1842 1045 1892 pure
1057 1825 1062 1892 Ι
1077 1824 1155 1892 putris
1165 1825 1226 1876 elmi
1236 1841 1296 1877 curu

447 1906 522 1959 circs
533 1905 675 1973 simplices!
689 1905 694 1970 Ι
708 1907 771 1958 nulli
782 1923 842 1959 unm
852 1907 879 1958 iu
890 1923 981 1959 venum
995 1907 1000 1974 Ι
1015 1915 1120 1974 poscunt
1131 1907 1288 1968 Niniunum3

448 1989 569 2054 Quamvis
580 1989 715 2055 complices
728 1988 733 2056 Ι
747 1989 827 2056 culpor
838 1990 887 2042 sint
898 1999 924 2043 et
935 1991 979 2052 rei,
994 1989 1000 2056 Ι
1014 1991 1075 2041 dum
1086 1990 1113 2040 in
1123 2006 1180 2042 erce
1191 1990 1244 2056 spei

447 2070 572 2122 Constant
583 2070 716 2138 supplices,
734 2070 739 2136 Ι
751 2071 793 2123 hic
804 2072 879 2124 corde
889 2072 1011 2125 contritos
1025 2070 1030 2138 Ι
1043 2071 1117 2124 solvit
1128 2072 1292 2140 compeditos.

447 2153 576 2220 Frangens
587 2154 730 2220 compedes.

623 2237 665 2287 es.
681 2234 840 2289 Benedictus.

427 2384 514 2435 Oratio
531 2390 561 2434 ut
575 2391 662 2450 supra.
680 2384 805 2437 Memmi
820 2386 849 2437 de
865 2385 1026 2452 Martyribus
1043 2384 1176 2452 (Eusemia
1191 2402 1248 2438 cunr
1263 2386 1353 2449 soriis).

366 2549 416 2599 [ν.
440 2549 486 2598 Ar
501 2549 621 2614 resperas.

351 2664 415 2713 Ant.
449 2662 626 2714 Collaudemus
635 2661 748 2714 omnium
759 2671 807 2716 etc.

480 2745 523 2796 Pr.
536 2745 655 2798 Fm'ales.

615 2879 762 2945 Capitulum
774 2879 854 2933 unius
869 2879 1010 2946 emerseris
1026 2888 1056 2932 ut
1070 2889 1153 2948 super.

341 2997 414 3063 Resp.
449 2997 505 3048 Nos
515 2996 558 3062 qui
570 3012 654 3048 sumus
665 2996 770 3047 involuti
784 2995 789 3060 Ι
803 2997 919 3047 vitiorum
930 2996 1029 3058 fluibus,

448 3080 586 3130 Dementes
596 3087 621 3130 et
632 3079 721 3130 imbuti
736 3077 741 3143 Ι
754 3079 902 3130 delictorum
912 3079 1034 3139 sordibus,

447 3161 566 3223 Nininne‚
581 3170 606 3213 te
618 3177 741 3226 rogamus,
759 3159 764 3227 Ι
777 3161 833 3213 leve
843 3161 1058 3226 supplicantibus:

449 3245 484 3296 Ut
496 3245 616 3295 coelorum
628 3260 671 3295 rex
681 3245 793 3310 placetus
807 3241 813 3304 1
826 3259 842 3294 u
852 3251 878 3294 te
889 3243 949 3295 fusis
960 3244 1074 3310 proculus

447 3325 503 3376 Nos
513 3325 647 3375 mundatos
658 3341 673 3374 ι
684 3325 793 3390 peccetis
806 3322 811 3381 1
823 3325 912 3390 junget
924 3325 982 3376 ooeli
992 3325 1097 3376 civibus.

347 3409 411 3458 Vers.
448 3407 530 3458 Nobis
540 3407 574 3458 sis
585 3414 704 3473 patronus
719 3405 723 3472 Ι
737 3407 800 3472 pius,
814 3415 898 3472 pastor
910 3407 998 3467 bonus,
1014 3405 1019 3471 Ι
1034 3422 1130 3457 memor
1140 3404 1244 3468 miseris,

447 3490 497 3555 Qui
509 3496 534 3540 te
545 3489 630 3541 colunt
641 3490 724 3552 eorde,
740 3488 745 3554 Ι
759 3497 878 3555 purgutos
888 3505 904 3541 u
914 3489 987 3540 sorde
1000 3486 1005 3554 Ι
1020 3489 1096 3540 redde
1107 3489 1212 3556 superis

447 3572 557 3623 Niniune
568 3580 616 3624 etc.

301 3653 429 3719 Hymnus.
659 3651 765 3704 Plaudet
776 3653 849 3703 turbe
861 3651 972 3704 fidelium

656 3733 736 3785 Novis
748 3733 875 3799 productis
885 3733 997 3795 euticis,

657 3818 758 3867 Promut
770 3815 851 3867 leudis
862 3816 1007 3883 preconium

657 3895 761 3947 Niniuni
773 3896 907 3963 pontificis.

656 3979 735 4045 Cujus
745 3978 861 4030 doctrin
870 3988 896 4030 et
907 3978 1010 4030 monitis

656 4060 726 4111 Gens
735 4060 847 4126 graditur
859 4060 971 4121 feliciter,

656 4142 732 4192 Error
743 4142 777 4192 ub
786 4141 882 4193 illicitis

655 4224 783 4275 Conversi
793 4231 831 4275 est
842 4224 980 4277 sulubriter.

654 4306 732 4372 Virgo
742 4313 815 4358 vetus
825 4306 942 4368 munior,

658 4388 691 4438 Et
704 4388 807 4439 mulus
817 4387 937 4439 munius

656 4469 733 4536 Signa
744 4469 901 4523 conformant
912 4469 1009 4532 coelice,

655 4551 759 4604 Niniuni
769 4567 817 4620 pro
827 4550 922 4604 meritis
932 4571 939 4603 r
