3226 5520
618 482 930 565 COLUMBAE.
1312 509 1356 578 79

190 701 369 787 vivumque
378 712 414 769 et
424 703 624 770 incolumem
636 703 721 787 patri
731 710 765 768 et
781 703 878 769 matri
893 704 1081 788 assignavit
1127 704 1206 770 Alio
1221 706 1254 769 in
1270 714 1355 770 tem·

191 826 271 890 pore
285 807 374 873 idem
388 808 439 872 vir
452 807 570 875 beatus
581 808 712 894 juvenis
730 807 901 888 diaconus,
916 809 950 873 in
967 807 1130 874 Hibernia
1147 810 1236 893 apud
1253 809 1354 874 Find-

190 910 322 977 barrum
345 920 497 978 sanctum
519 913 711 997 episcopum
735 933 959 992 commanens,
981 932 1057 978 cum
1079 915 1123 980 ad
1145 923 1355 980 sacrosancta

189 1017 346 1098 mysteria
368 1017 587 1083 necessarium
606 1017 763 1083 defuisset
777 1018 901 1096 vinum,
914 1017 1036 1082 virtute
1051 1018 1218 1098 orationis,
1230 1037 1351 1102 aquam

191 1139 307 1204 puram
332 1122 365 1184 in
389 1142 502 1186 verum
527 1122 625 1187 vertit
647 1120 769 1187 vinum.
815 1120 883 1187 Sed
905 1131 940 1186 et
960 1119 1103 1185 coelestis
1123 1121 1240 1205 ingens
1260 1121 1353 1186 clari·

191 1225 315 1290 tudinis
330 1224 452 1302 lumen,
466 1234 500 1290 et
515 1225 549 1290 in
565 1226 671 1290 noctis
692 1224 845 1303 tenebris,
867 1234 901 1289 et
922 1225 955 1288 in
978 1224 1051 1289 luce
1065 1224 1140 1302 diei,
1155 1244 1253 1308 super
1268 1245 1354 1304 eum,

191 1327 370 1411 aliquando
384 1329 584 1412 quibusdam
600 1348 645 1393 ex
659 1326 822 1407 fratribus,
844 1329 981 1393 diversis
996 1337 1030 1394 et
1045 1330 1205 1413 separatis
1218 1329 1354 1408 vicibus,

191 1433 344 1517 apparuit
369 1430 520 1499 effusum.
577 1432 775 1499 Sanctorum
802 1452 934 1518 quoque
961 1432 1154 1517 angelorum
1181 1433 1294 1500 dulces
1320 1443 1355 1500 et

154 1567 156 1572 v
189 1537 400 1602 suavissimas
415 1537 695 1620 frequentationes
706 1536 887 1602 luminosas
898 1537 1020 1603 habere
1030 1538 1156 1603 meruit
1187 1537 1353 1622 Quorum·

189 1642 268 1706 dam
281 1642 446 1726 justorum
466 1641 595 1706 animas
617 1641 731 1706 crebro
753 1641 797 1706 ab
820 1641 947 1725 angelis
970 1642 1013 1708 ad
1038 1661 1169 1708 summa
1193 1643 1352 1708 coelorum

190 1745 273 1825 vehi,
286 1746 411 1813 Sancto
422 1746 588 1811 revelante
600 1744 734 1831 Spiritu,
746 1746 888 1811 videbat
920 1744 987 1812 Sed
1000 1756 1034 1811 et
1046 1746 1258 1830 reproborum
1272 1748 1353 1813 alias

190 1851 232 1915 ad
248 1850 414 1916 infernaa
436 1850 644 1916 daemonibus
667 1850 741 1916 ferri
764 1869 992 1933 saepenumero
1016 1849 1204 1934 aspiciebat
1250 1852 1353 1916 Pluri-

190 1974 319 2020 morum
332 1954 365 2020 ln
377 1974 476 2020 carne
488 1953 618 2020 mortali
630 1953 738 2021 adhuc
753 1956 1018 2021 conversantium
1035 1954 1145 2021 futura
1160 1955 1353 2040 plerumque

190 2059 434 2143 praenuntiabat
447 2059 572 2138 merita,
582 2059 721 2124 aliorum
734 2056 820 2137 laeta,
832 2057 970 2124 aliorum
982 2059 1095 2125 tristia
1125 2058 1164 2125 In
1176 2059 1352 2125 bellorum·

190 2184 255 2247 que
266 2162 414 2229 terrificis
426 2163 611 2248 fragoribus
622 2160 714 2228 hoca
727 2163 802 2227 Deo
816 2163 938 2228 virtute
953 2166 1139 2230 orationum
1156 2166 1354 2248 impetravit,

190 2277 227 2332 ut
246 2267 301 2332 alii
324 2286 417 2352 reges
431 2267 519 2346 victi,
534 2277 568 2333 et
583 2267 637 2333 alii
653 2277 844 2352 regnatores
861 2266 1067 2334 efficerentur
1080 2269 1227 2334 victores.
1276 2270 1352 2334 Hoc

190 2371 256 2436 tale
265 2371 473 2456 privilegium
484 2391 549 2436 non
560 2380 690 2436 tantum
704 2371 737 2435 in
748 2370 809 2435 hac
821 2371 976 2455 praesenti
987 2371 1057 2436 vita
1068 2373 1284 2452 conversanti,
1293 2374 1351 2439 sed

190 2477 290 2541 etiam
314 2485 390 2559 post
411 2475 483 2559 ejus
504 2475 548 2540 de
567 2494 664 2540 carne
686 2475 872 2554 transitum,
887 2476 981 2559 quasi
997 2477 1128 2542 cuidam
1143 2477 1303 2543 victoriali
1319 2487 1354 2544 et

191 2579 369 2645 fortissimo
381 2579 627 2664 propugnatori,
639 2599 659 2644 a
671 2580 747 2644 Deo
758 2579 906 2644 omnium
923 2589 1111 2645 sanctorum
1127 2583 1351 2647 condonatum

190 2693 242 2748 est
257 2682 516 2748 honorificatore.
564 2682 676 2768 Hujus
697 2682 774 2748 talis
796 2683 1054 2748 honorificentiae
1076 2686 1146 2749 viro
1161 2685 1353 2750 honorabile

189 2789 233 2854 ab
257 2789 490 2873 Omnipotenti
515 2787 645 2853 coelitus
671 2788 801 2853 collatae
824 2788 925 2853 etiam
944 2808 1048 2853 unum
1064 2788 1267 2872 proferemus
1292 2810 1353 2855 exa

189 2892 345 2976 emplum,
360 2891 450 2975 quod
466 2890 651 2958 Ossuald0³
664 2893 829 2976 regnatori
846 2891 1023 2971 Saxonico,
1039 2892 1144 2975 pridie
1158 2913 1258 2979 quam
1274 2913 1352 2958 con-

188 3007 240 3062 tra
255 2996 447 3063 Catlonem⁴
461 2995 634 3061 Britonum
657 3016 768 3080 regem
785 2995 998 3061 fortissimum
1017 2997 1227 3079 praeliaretur,
1243 3007 1352 3062 osten·

189 3123 261 3166 sum
275 3110 353 3166 erat
390 3100 479 3164 Nam
492 3100 667 3164 cumidem
682 3098 866 3165 Ossualdus
878 3120 937 3163 rex
949 3109 1035 3165 esset
1048 3102 1080 3164 in
1093 3102 1262 3183 procinctu
1274 3100 1352 3166 belli

189 3217 297 3271 castra
322 3213 473 3282 metatus,
495 3204 639 3286 quadam
664 3202 718 3266 die
741 3202 774 3265 in
795 3223 857 3266 suo
879 3202 1046 3286 papilione
1064 3223 1163 3287 supra
1178 3204 1351 3287 pulvillum

189 3311 365 3388 dormiens,
397 3317 548 3373 sanctum
586 3305 784 3373 Columbam
820 3305 853 3370 in
887 3307 959 3370 visu
994 3306 1084 3371 videt
1119 3306 1225 3371 forma
1259 3328 1351 3373 coru·

189 3424 336 3480 scantem
353 3413 525 3497 angelica;
547 3411 641 3494 cujus
663 3409 731 3475 alta
753 3411 931 3493 proceritas
953 3411 1075 3475 vertice
1097 3411 1201 3475 nubes
1216 3421 1353 3497 tangere

190 3519 373 3584 videbatur.
403 3513 470 3598 Qui
482 3514 608 3579 scilicet
622 3514 671 3578 vir
686 3515 810 3590 beatus,
827 3533 922 3579 suum
938 3513 1007 3596 regi
1022 3516 1191 3598 proprium
1203 3517 1353 3581 revelans

189 3642 321 3700 nomen,
337 3621 369 3684 in
387 3618 497 3684 medio
519 3627 701 3683 castrorum
722 3629 823 3696 stans,
838 3618 955 3684 eadem
978 3627 1094 3698 castra,
1109 3629 1251 3704 excepta
1271 3641 1351 3704 qua·

189 3727 266 3791 dam
290 3744 392 3809 parva
413 3723 634 3801 extremitate,
654 3721 704 3787 sui
727 3723 924 3807 protegebat
947 3721 1074 3807 fulgida
1094 3733 1210 3803 veste;
1232 3734 1265 3789 et
1280 3723 1352 3790 haec

188 3826 430 3894 confirmatoria
445 3826 585 3892 contulit
605 3826 714 3905 verba,
730 3827 847 3892 eadem
872 3827 995 3892 scilicet
1018 3847 1105 3909 quae
1128 3828 1293 3894 Dominus
1308 3832 1350 3896 ad

188 3932 286 4018 Jesue
325 3932 396 3996 Ben
435 3931 512 3995 Nun
543 3940 621 3996 ante
654 3931 829 3998 transitum
858 3932 1022 4015 Jordanis,
1060 3940 1190 3997 mortuo
1224 3933 1351 4017 Moyse,

189 4037 379 4123 prolocutus
403 4048 462 4113 est,
486 4035 622 4100 dicens:
656 4035 851 4102 Confortare
874 4046 908 4100 et
928 4054 991 4119 age
1009 4037 1167 4116 viriliter;
1197 4057 1273 4101 ecce
1295 4058 1352 4103 ero

220 4271 232 4390 l
245 4256 378 4403 gillellldll'l
388 4256 514 4388 1ξῖἑὶωά
525 4336 568 4388 the
578 4337 661 4390 Sexon
671 4336 814 4397 Chronicle,
827 4336 965 4390 Ceadualla
971 4354 979 4397 3
990 4337 1024 4403 by
1032 4337 1075 4388 the
1086 4337 1246 4399 bollandists,
1256 4337 1353 4402 Cathog

188 4423 317 4475 Cadwallo
334 4422 366 4486 by
386 4421 494 4480 Fmdun,
508 4421 559 4470 end
575 4419 713 4471 Cadwslau
730 4421 755 4470 in
774 4421 910 4486 Layamon.
942 4420 1010 4470 Bede
1029 4420 1079 4470 and
1096 4419 1139 4471 the
1157 4419 1240 4472 Saxon
1255 4420 1349 4474 Chron.

188 4507 244 4571 give
255 4506 304 4569 633
316 4520 344 4555 as
360 4503 403 4555 the
419 4503 478 4554 date
494 4503 524 4553 of
537 4502 579 4553 tlte
596 4503 674 4553 battle
692 4502 720 4553 of
737 4501 891 4562 Hefenfeld3
909 4502 1068 4567 Tighernach
1084 4503 1167 4567 places
1183 4502 1203 4554 it
1220 4511 1271 4554 two
1281 4520 1353 4574 years

188 4589 276 4643 earlier
288 4605 296 4646 r
312 4585 364 4641 eud
376 4586 418 4640 the
430 4587 498 4642 Anu.
513 4587 538 4637 ol
551 4585 618 4640 Uist.
631 4586 681 4641 eud
693 4585 723 4639 of
730 4584 849 4640 Cambrla
859 4585 885 4636 lu
896 4584 953 4650 630.
