3226 5520
573 502 883 577 COLUMBAE.
1248 518 1309 587 129

144 714 297 798 speciem.
351 714 413 778 Vir
439 715 552 797 itaque
578 724 720 793 sanctus,
743 713 876 778 alonte
903 733 1059 790 reversus,
1081 721 1115 776 et
1137 710 1308 774 ecclesiam

143 818 280 896 intrans,
303 817 404 883 talem
424 818 526 902 juxta
541 818 645 882 altare
668 837 802 881 urceum
826 818 912 881 intra
927 837 962 880 se
977 814 1155 879 habentem
1172 813 1310 897 deponit

144 921 321 1004 liquorem;
344 922 436 986 etad
453 921 635 986 ministros:
663 922 814 1000 Habetis,
830 921 885 999 ait,
900 921 1022 998 vinum,
1037 920 1128 1003 quod
1144 918 1310 983 Dominus

142 1025 240 1109 Jesus
256 1027 298 1091 ad
314 1047 374 1091 sua
394 1027 484 1091 misit
507 1026 696 1110 peragenda
714 1027 877 1109 mysteria
924 1025 1003 1109 Quo
1017 1023 1161 1109 cognito,
1176 1029 1310 1086 sanctus

144 1151 221 1195 cum
237 1131 396 1195 ministris
408 1131 582 1214 episcopus
594 1131 736 1195 eximias
748 1131 823 1194 Deo
835 1130 980 1195 referunt
991 1131 1120 1212 gratias.
1167 1127 1310 1194 Sanctus

144 1255 223 1299 vero
241 1235 373 1319 juvenis
389 1236 452 1299 hoc
468 1255 534 1299 non
551 1235 693 1313 sibimet,
708 1236 767 1300 sed
787 1244 904 1300 sancto
918 1234 1089 1299 Vinniauo
1103 1229 1311 1297 adscribebat

145 1339 310 1422 episcopo.
359 1339 434 1402 Hoc
458 1339 569 1422 itaque
592 1349 724 1421 protum
747 1339 877 1403 virtutis
899 1339 1136 1403 documentum
1160 1335 1311 1402 Christus

145 1442 312 1508 Dominus
334 1464 393 1527 per
413 1463 510 1507 suum
533 1443 712 1508 declaravit
734 1442 943 1526 discipulum,
958 1443 1048 1526 quod
1072 1441 1105 1504 in
1128 1440 1245 1504 eadem
1267 1458 1309 1515 re,

144 1547 275 1612 initium
301 1567 429 1632 ponens
451 1549 621 1632 signorum
647 1549 682 1611 in
709 1548 802 1614 Cana
825 1546 972 1625 Galileae,
994 1554 1149 1631 operatus
1175 1552 1226 1608 est
1252 1562 1311 1625 per

147 1654 371 1735 semetipsum.

192 1756 311 1839 Hujus,
331 1757 477 1840 inquam,
499 1756 609 1834 libelli,
631 1757 725 1839 quasi
747 1757 902 1840 quaedam
927 1755 1068 1833 lucerna,
1089 1753 1230 1819 illustret
1249 1771 1310 1815 ex·

146 1861 286 1939 ordium,
301 1862 390 1944 quod
415 1882 473 1944 per
488 1870 636 1924 nostrum
661 1859 859 1925 Columbam
881 1858 969 1924 diale
992 1858 1239 1923 manifestatum
1260 1864 1312 1919 est

149 1965 343 2030 miraculum
360 1987 368 2044 ;
391 1974 428 2030 ut
443 1966 600 2049 deinceps
616 1975 821 2030 transeamus
836 1966 879 2030 ad
895 1974 1025 2043 caetera,
1038 1983 1114 2047 quae
1129 1983 1188 2046 per
1202 1962 1311 2046 ipsum

148 2080 282 2135 ostensa
297 2079 383 2149 sunt,
398 2070 557 2135 virtutum
577 2069 740 2135 miracula

592 2589 787 2659 CAPUT
826 2591 884 2656 11.

200 2810 252 2876 De
265 2809 405 2894 alrbujus
417 2809 668 2891 arborissmctu
682 2829 806 2888 umaro,
813 2820 878 2894 per
891 2809 1010 2876 Sancti
1019 2809 1261 2875 benedictionem

553 2914 589 2978 in
603 2913 801 2979 dulcedinem
816 2935 914 2980 verso.

151 3133 328 3220 QUAEDAM
340 3135 438 3201 arbor
448 3144 519 3200 erat
529 3135 627 3201 valde
643 3156 783 3220 pomosa
797 3157 902 3221 prope
917 3139 1154 3203 monasterium
1171 3138 1315 3204 Roboris

151 3237 279 3322 Campi,
291 3239 323 3303 in
340 3240 475 3305 australi
491 3239 562 3323 ejus
577 3251 687 3324 parte;
709 3241 752 3305 de
766 3261 833 3324 qua
845 3261 920 3306 cum
934 3241 1051 3307 incolae
1066 3243 1129 3308 loci
1144 3245 1314 3328 quoddam

150 3341 311 3408 haberent
328 3364 389 3426 pro
405 3344 507 3408 nimia
522 3343 647 3409 fructus
663 3345 883 3409 amaritudine
902 3346 1154 3430 querimoniam,
1169 3348 1315 3431 quadam

151 3447 205 3510 die
236 3446 379 3513 Sanctus
404 3449 448 3513 ad
475 3468 549 3513 eam
576 3449 714 3513 accessit
740 3450 924 3515 autumnali
951 3460 1109 3535 tempore,
1135 3452 1317 3536 vidensque

151 3550 279 3634 lignum
295 3551 459 3616 incassum
481 3552 633 3619 abundos
654 3553 775 3618 babere
790 3553 923 3632 fructus,
938 3556 995 3638 qui
1014 3576 1059 3620 ex
1074 3557 1123 3620 eis
1144 3566 1318 3640 gustantes

150 3654 225 3739 plus
248 3656 406 3721 laederent
428 3677 528 3739 quam
552 3656 775 3737 delectarent;
798 3669 914 3725 sancta
936 3661 1065 3725 elevata
1089 3680 1199 3739 manu,
1217 3661 1318 3725 bene·

151 3759 265 3823 dicens
280 3760 348 3825 ait:
373 3759 412 3824 ln
428 3761 562 3825 nomine
577 3759 828 3846 Omnipotentis
844 3763 908 3827 Dei
924 3765 1030 3828 omnis
1049 3774 1107 3828 tua
1122 3765 1318 3838 amaritudo.

153 3862 185 3931 0
208 3864 306 3930 arbor
327 3884 450 3943 amara,
471 3886 492 3929 a
514 3876 548 3930 te
570 3867 723 3946 recedat;
745 3875 869 3952 tuaque
890 3868 955 3932 huc
977 3887 1082 3953 usque
1104 3869 1319 3946 amarissima,

152 3986 240 4032 nunc
255 3968 289 4031 in
305 3967 497 4033 dulcissima
512 3978 682 4034 vertantur
696 3988 806 4053 poma.
853 3970 976 4035 Mirum
992 3971 1092 4049 dictu,
1107 3970 1198 4035 dicto
1213 3971 1318 4049 citius,

152 4072 337 4155 eodemque
368 4082 548 4151 momento,
577 4073 727 4157 ejusdem
761 4074 887 4140 arboris
917 4075 1029 4139 omnia
1058 4095 1168 4159 poma,
1196 4075 1319 4139 amissa

152 4176 383 4256 amaritudine,
405 4177 439 4242 iu
466 4177 593 4256 miram,
615 4178 798 4242 secundum
821 4179 959 4244 verbum
986 4178 1110 4257 Sancti,
1124 4199 1220 4244 versa
1241 4187 1319 4244 sunt

153 4279 371 4346 dulcedinem.
