3226 5520
218 450 282 504 120
520 430 666 501 VITA
706 428 1010 498 lI.-L1BER
1046 426 1078 495 1.

215 660 384 722 excursus,
399 640 487 706 idem
503 661 604 725 supra
618 648 819 706 memoratus
833 636 970 715 Goreus,
984 654 1062 701 casu
1077 632 1151 701 alia
1166 634 1232 703 die
1247 635 1326 703 sub
1342 634 1425 703 navi

216 746 371 826 residens,
393 745 526 812 cultello
549 747 682 830 proprio
703 744 872 810 cristiliam
898 742 942 807 de
963 739 1074 806 hastili
1096 742 1307 809 eradebat:
1345 752 1424 809 tum

215 848 338 916 deinde
352 850 435 915 alios
455 870 558 933 prope
580 850 666 914 inter
688 869 723 913 se
739 848 972 931 belligerantes
993 842 1144 923 audiens,
1161 846 1276 912 citius
1294 846 1424 931 surgit,

215 961 254 1018 ut
268 974 325 1019 eos
339 974 360 1019 a
375 954 624 1038 belligeratione
638 962 814 1037 separaret,
829 952 1014 1034 eodemque
1030 948 1172 1015 cultello
1197 951 1264 1017 illa
1280 952 1423 1017 subita·

215 1058 307 1123 tione
322 1059 542 1143 negligentius
560 1059 594 1122 in
611 1066 697 1123 terra
712 1058 865 1135 demisso,
879 1055 952 1139 ejus
966 1052 1118 1137 genicula
1132 1052 1283 1123 offenso
1299 1058 1423 1142 gravi·

215 1170 267 1227 ter
277 1162 449 1228 vulnerata
460 1172 518 1228 est
543 1161 588 1227 Et
600 1162 658 1227 tali
671 1162 813 1228 faciente
824 1159 955 1239 comite,
966 1157 1108 1223 causaei
1120 1158 1419 1227 mortificationis

216 1265 333 1330 oborta
344 1275 412 1346 est;
426 1285 527 1349 quam
540 1265 610 1348 ipse
622 1264 780 1329 continuo
791 1260 983 1340 secundum,
994 1259 1099 1324 sancti
1112 1260 1416 1329 vaticinationem

215 1370 285 1449 viri,
303 1379 415 1435 mente
437 1370 615 1453 perculsus,
637 1368 852 1452 recognovit;
878 1374 1020 1450 postque
1039 1362 1240 1448 aliquantos
1255 1388 1416 1451 menses,

216 1472 334 1537 eodem
349 1479 549 1556 aggravatus
564 1471 688 1550 dolore,
704 1470 850 1535 moritur.

566 1868 771 1937 CAPUT
809 1867 1036 1935 XLVIII.

280 2059 333 2126 De
346 2060 416 2125 alia
429 2058 529 2127 etiam
545 2080 588 2138 re,
602 2057 779 2142 quamlibet
792 2057 922 2137 minore,
929 2067 1013 2142 puto
1026 2076 1090 2122 nori
1103 2076 1170 2122 esse
1184 2058 1336 2127 wanda

392 2163 663 2249 sanctificanda
670 2163 875 2248 prescientia
888 2173 921 2229 et
926 2161 1111 2248 prophetica
1134 2160 1218 2228 Vin:

218 2334 316 2402 Auo
338 2353 482 2417 namque
504 2333 538 2398 in
562 2341 721 2416 tempore,
743 2353 819 2400 curn
847 2334 991 2402 Sanctus
1016 2334 1051 2398 iu
1076 2332 1161 2399 Iona
1185 2332 1401 2405 inhabitaret

216 2438 332 2517 insula,
354 2458 458 2502 unum
473 2438 516 2501 de
538 2436 693 2502 fratribus
716 2438 891 2516 advocans,
913 2437 963 2502 sic
983 2435 1184 2520 compellat:
1205 2436 1329 2504 Tertia
1350 2440 1399 2505 ab

216 2543 279 2608 hac
294 2542 504 2608 illucescente
519 2541 573 2607 die
588 2550 767 2624 expectare
781 2541 920 2607 debebis
944 2542 977 2606 in
997 2539 1193 2607 occidentali
1215 2541 1320 2626 hujus
1343 2542 1398 2609 in·

216 2648 297 2712 sulae
320 2654 422 2731 parte,
444 2666 543 2729 super
577 2646 676 2711 maris
709 2666 801 2711 oram
833 2648 959 2712 sedens
1021 2645 1109 2711 Nam
1132 2644 1176 2711 de
1204 2646 1395 2731 aquilonali

218 2751 391 2816 Hibemiae
406 2750 539 2835 regione
553 2750 708 2833 quaedam
724 2750 858 2834 hospita
872 2772 959 2835 grus,
973 2749 1081 2815 ventis
1095 2769 1155 2834 per
1169 2749 1288 2834 longos
1303 2753 1394 2817 aeris

216 2857 344 2942 agitata
358 2856 521 2935 circuitus,
536 2862 613 2939 post
628 2875 751 2921 nonam
766 2856 832 2920 diei
848 2856 964 2921 horam
979 2854 1077 2920 valde
1091 2853 1178 2919 sessa
1191 2863 1226 2920 et
1247 2853 1394 2940 fatigata

217 2960 434 3046 superveniet,
468 2969 502 3025 et
528 2980 614 3044 pene
637 2960 843 3044 consumptis
865 2959 998 3040 viribus,
1030 2979 1141 3025 coram
1163 2968 1198 3023 te
1219 2958 1253 3023 in
1277 2958 1394 3027 littore

217 3067 339 3131 cadens
355 3065 524 3130 recumbet
537 3087 544 3144 ;
567 3085 668 3148 quam
685 3065 938 3131 misericorditer
953 3064 1125 3131 sublevare
1140 3063 1279 3143 curabis,
1293 3074 1331 3130 et
1345 3066 1391 3132 ad

217 3171 439 3254 propinquam
460 3169 651 3252 deportabis
672 3170 819 3247 domum,
835 3171 1024 3252 ibidemque
1047 3168 1254 3252 hospitaliter
1276 3189 1392 3255 recep·

217 3283 297 3352 tam,
313 3294 371 3356 per
389 3285 454 3338 tres
474 3273 545 3336 dies
568 3283 601 3338 et
624 3283 738 3338 noctes
760 3275 790 3338 ei
813 3275 1011 3352 ministrans,
1026 3273 1165 3338 sollicite
1184 3272 1333 3353 cibabis;
1357 3284 1393 3341 et

218 3388 295 3462 post
309 3377 447 3460 expleto
462 3386 608 3442 recreata
622 3378 740 3455 tridu0,
756 3378 872 3442 nolens
888 3379 974 3443 ultra
989 3378 1078 3461 apud
1100 3398 1160 3441 nos
1178 3378 1393 3461 peregrinari,

218 3482 261 3547 ad
277 3481 419 3565 priorem
437 3480 559 3546 Scotiae
575 3480 716 3558 dulcem,
727 3483 816 3545 unde
831 3492 912 3560 orta,
926 3482 1087 3546 remeabit
1101 3482 1280 3564 regionem,
1290 3481 1393 3566 plene

218 3584 395 3667 resumptis
417 3583 559 3664 viribus;
585 3605 686 3668 quam
715 3587 789 3650 ideo
815 3587 875 3649 tibi
902 3588 949 3650 sic
976 3587 1153 3671 diligenter
1178 3588 1392 3667 commendo,

218 3687 354 3769 quiade
378 3696 499 3751 nostrae
522 3689 730 3771 paternitatis
753 3690 898 3772 regione¹
913 3698 963 3754 est
984 3690 1131 3754 oriunda
1170 3687 1393 3756 Obsecundat

218 3791 326 3870 frater,
348 3792 511 3875 tertiaque
540 3793 594 3856 die
621 3804 696 3875 post
722 3794 837 3857 horam
866 3814 997 3871 nonam,
1021 3803 1058 3858 ut
1080 3793 1203 3878 jussus,
1224 3794 1392 3876 praescitae

218 3898 398 3961 adventum
411 3895 620 3979 praestolatur
635 3898 785 3980 hospitae,
800 3901 1103 3981 adventantemque
1119 3899 1162 3962 de
1178 3897 1288 3961 littore
1300 3898 1393 3965 levat

219 4000 356 4083 lapsam,
372 4001 413 4065 ad
437 4000 618 4084 hospitium
641 4012 752 4084 portat
773 4001 946 4079 infirmam,
968 4002 1165 4066 esurientem
1182 4001 1278 4066 cibat
1326 4002 1392 4067 Cui

219 4105 262 4169 ad
283 4106 519 4170 monasterium
543 4126 678 4189 vespere
701 4127 830 4171 reverso
854 4107 1005 4186 Sanctus,
1021 4126 1087 4171 non
1107 4106 1315 4188 interrogans
1330 4109 1391 4173 sed

220 4228 365 4286 narrans,
380 4210 446 4274 ait:
474 4210 655 4275 Benedicat
678 4220 711 4274 te
735 4212 836 4289 Deus,
857 4212 902 4276 mi
927 4211 982 4289 fili,
997 4211 1076 4294 quia
1098 4209 1280 4293 peregrinae
1303 4208 1392 4276 bene

221 4313 412 4378 ministrasti
428 4314 578 4397 hospitae,
594 4335 669 4397 quae
685 4316 718 4379 in
734 4317 980 4399 pregrinatione
999 4336 1065 4379 non
1081 4315 1318 4393 demorabitur,
1330 4317 1391 4382 sed

430 4559 440 4587 ι
454 4545 578 4615 Douegrl,
593 4547 682 4611 where,
696 4556 722 4600 at
734 4549 838 4616 Garun,
852 4552 889 4603 St
905 4551 1031 4608 Columbo
1041 4567 1093 4604 irus
1103 4552 1174 4609 bom·
