3226 5520
314 500 375 569 130
598 481 745 552 VITA
785 483 1090 551 11.-LIBER
1129 478 1186 549 11.

726 894 929 962 CAPUT
967 893 1060 961 111.

308 1136 361 1202 De
381 1145 483 1221 segete
496 1144 573 1219 post
593 1135 737 1201 medium
758 1135 883 1201 curtatis
908 1145 1031 1219 tempus
1051 1130 1332 1212 seminarentur
1353 1132 1495 1197 nordio

393 1241 543 1325 Augusti
563 1240 691 1321 nunni,
711 1241 833 1308 Sancto
853 1250 974 1320 nante,
988 1260 1101 1320 mersa,
1115 1238 1151 1306 in
1172 1236 1256 1304 Iona
1274 1247 1495 1305 conversante

394 1344 512 1410 inmla.

308 1551 408 1617 Amo
423 1550 457 1615 in
472 1560 623 1636 tempore
646 1552 790 1619 Sanctus
813 1572 889 1619 suos
914 1552 1005 1617 misit
1026 1550 1208 1617 monachos
1229 1558 1267 1616 ut
1281 1550 1327 1615 de
1341 1548 1492 1635 alicujus

308 1655 429 1740 plebeii
459 1656 604 1739 agellulo
633 1657 799 1740 virgarum
832 1655 1018 1721 fasciculos¹
1047 1656 1090 1720 ad
1120 1654 1302 1739 hospitium
1324 1651 1491 1719 afferrent

307 1761 575 1826 construendum.
620 1759 689 1844 Qui
715 1781 791 1826 cum
819 1762 863 1825 ad
891 1760 1061 1839 Sanctum,
1083 1759 1234 1825 oneraria
1254 1758 1385 1842 repleta
1407 1758 1489 1824 navi

308 1864 352 1928 de
367 1864 565 1948 supradictis
578 1865 780 1949 virgularum
796 1866 951 1946 materiis,
962 1865 1083 1930 reversi
1097 1864 1256 1943 venirent,
1267 1863 1489 1947 dicerentque

309 1967 476 2050 plebeium
492 1968 642 2052 ejusdem
658 1989 758 2034 causa
772 1970 939 2053 dispendii
953 1968 1050 2034 valde
1061 1967 1293 2034 contristatum
1306 1988 1316 2048 ;
1336 1965 1489 2034 Sanctus

309 2082 549 2156 consequenter
573 2072 767 2156 praecipiens
791 2074 895 2138 dicit:
921 2074 976 2139 Ne
999 2093 1080 2156 ergo
1102 2072 1196 2137 illum
1218 2069 1488 2135 scandalizemus

308 2176 424 2255 virum,
450 2178 493 2241 ad
520 2177 629 2260 ipsum
655 2198 676 2241 a
702 2178 797 2241 nobis
823 2178 874 2241 bis
900 2178 985 2242 terni
1011 2178 1200 2242 deserantur
1225 2175 1341 2240 hordei
1368 2175 1488 2253 modii,

309 2282 510 2364 eosdemque
534 2281 585 2345 his
609 2282 643 2345 in
667 2281 785 2346 diebus
799 2291 893 2347 arata
908 2282 979 2367 ipse
1004 2282 1145 2346 seminet
1160 2281 1193 2344 in
1210 2288 1303 2344 terra
1349 2278 1488 2365 Quibus

310 2387 352 2449 ad
384 2386 560 2469 plebeium,
589 2386 833 2451 Findchanum²
863 2387 1009 2466 nomine,
1028 2387 1129 2471 juxta
1151 2384 1267 2451 Sancti
1287 2383 1488 2467 jussionem,

311 2489 427 2567 missis,
457 2499 490 2554 et
527 2509 639 2554 coram
677 2511 718 2554 eo
752 2511 828 2556 cum
866 2491 925 2555 tali
962 2490 1253 2555 commendatione
1288 2488 1488 2571 adsignatis,

309 2601 479 2675 gratanter
493 2593 667 2678 accipiens,
683 2595 752 2659 ait:
775 2593 956 2677 Quomodo
978 2604 1056 2679 post
1080 2593 1227 2659 medium
1243 2600 1383 2656 aesteum
1399 2600 1489 2655 tem·

309 2682 371 2779 pus
397 2717 492 2780 seges
521 2697 693 2777 seminata,
719 2708 836 2764 contra
865 2698 964 2783 hujus
991 2709 1144 2765 naturam
1175 2706 1280 2775 terrae,
1305 2694 1489 2779 proficiet?

311 2800 435 2867 Marita
456 2812 633 2868 econtra:
666 2804 742 2882 Fac,
765 2803 821 2882 ait,
846 2804 1029 2869 secundum
1056 2802 1173 2870 Sancti
1199 2800 1408 2879 mandatum,
1432 2800 1488 2864 cui

311 2905 478 2970 Dominus
500 2907 640 2972 donabit
662 2908 886 2991 quodcunque
901 2907 945 2974 ab
962 2927 1004 2972 co
1022 2905 1245 2991 postulaverit.
1291 2903 1360 2971 Sed
1376 2904 1489 2987 etqui

313 3010 404 3074 missi
426 3020 504 3077 sunt
526 3011 624 3077 simul
647 3011 710 3076 hoc
737 3012 938 3076 addiderunt
962 3012 1115 3089 dicendo,
1142 3009 1285 3076 Sanctus
1309 3007 1489 3087 Columba,

311 3114 367 3197 qui
385 3135 445 3178 nos
461 3115 504 3179 ad
520 3124 645 3180 tecum
661 3115 724 3179 hoc
740 3115 830 3180 misit
846 3136 990 3193 munere,
1001 3114 1065 3179 hoc
1081 3115 1277 3179 mandatum
1289 3131 1349 3195 per
1364 3130 1429 3175 nos
1443 3112 1489 3177 de

311 3226 370 3281 tua
394 3220 642 3284 commendavit
662 3230 783 3303 segete,
806 3220 937 3284 dicens:
966 3220 1081 3283 Homo
1103 3219 1159 3283 ille
1184 3219 1218 3282 in
1240 3216 1492 3299 omnipotentia

312 3321 377 3384 Dei
392 3321 538 3387 confidat
553 3347 560 3387 :
583 3344 678 3407 seges
700 3324 782 3407 ejus,
797 3325 950 3407 quamvis
972 3324 1015 3388 de
1037 3343 1151 3388 mense
1165 3322 1265 3406 Junio
1280 3321 1482 3386 duodecim·

310 3426 489 3507 praemissis
501 3425 618 3490 diebus
630 3427 802 3506 seminata,
814 3429 847 3491 in
861 3428 1029 3512 principiis
1042 3428 1188 3511 Augusti
1199 3424 1321 3491 mensis
1331 3434 1488 3490 metetur.

311 3529 517 3613 Obsequitur
541 3530 690 3613 plebeius
706 3533 844 3596 arando²
868 3542 901 3597 et
924 3533 1120 3597 seminando
1135 3554 1143 3612 ς
1165 3539 1199 3596 et
1215 3548 1366 3606 messem,
1381 3548 1488 3612 quam

310 3635 501 3717 supradicto
527 3634 562 3699 in
589 3645 740 3720 tempore
762 3646 879 3701 contra
901 3658 995 3721 spem
1019 3636 1204 3714 seminavit,
1227 3653 1303 3698 cum
1331 3633 1487 3697 omnium

309 3739 529 3804 admiratione
555 3740 737 3805 vicinorum
764 3742 798 3805 in
824 3743 965 3807 exordio
989 3740 1136 3824 Augusti
1161 3738 1284 3804 mensis
1307 3745 1487 3817 maturam,

307 3842 410 3927 juxta
420 3844 558 3909 verbum
571 3845 695 3925 Sancti,
708 3847 854 3926 messuit,
866 3847 899 3910 in
912 3847 986 3913 loco
997 3856 1092 3911 terrae
1106 3846 1163 3928 qui
1175 3845 1295 3911 dicitur
1306 3840 1481 3908 Delcros³

343 4197 352 4225 ¹
369 4189 477 4241 “These
489 4205 554 4241 were
565 4190 603 4241 ior
614 4190 656 4241 the
673 4190 843 4241 harde-vorle
860 4189 889 4240 ol
904 4190 988 4240 which
1005 4188 1049 4239 the
1066 4188 1137 4238 walls
1153 4187 1184 4237 ol
1197 4187 1296 4247 horres,
1314 4185 1378 4235 both
1389 4185 1490 4237 recular

310 4271 361 4321 and
377 4271 560 4333 ecclesiastical,
579 4288 644 4322 were
666 4272 823 4322 constructed
840 4271 867 4321 in
887 4272 930 4322 the
949 4270 1075 4337 primitive
1094 4268 1257 4320 architecture
1274 4266 1305 4319 ol
1322 4266 1367 4318 the
1387 4266 1489 4321 Cela?

311 4352 416 4415 Reeves,
429 4369 454 4418 p.
472 4352 526 4405 106.
562 4355 610 4407 Sec
621 4355 663 4405 the
678 4354 734 4404 Life
745 4353 774 4404 oi
782 4355 819 4405 St.
835 4353 938 4415 Ninian,
953 4369 975 4404 c.
990 4365 1013 4416 3,
1027 4360 1087 4402 note
1099 4363 1122 4415 3.

346 4469 523 4531 afindcanum,
535 4469 686 4536 quindecim,
701 4469 804 4531 orando,
819 4469 848 4521 B.

345 4598 358 4636 ³
370 4585 424 4637 Not
435 4585 573 4638 identified.
