3226 5520
673 503 937 576 NINIANI.
1343 519 1382 592 33

221 712 384 777 Ninianus
399 712 539 797 posteris
555 733 621 777 non
637 712 762 779 lateret
810 715 894 779 Mox
910 713 953 778 ad
975 723 1099 779 tactum
1116 711 1224 776 baculi
1239 710 1383 777 elemen-

219 826 293 882 tum
309 818 455 901 expavit,
471 828 504 884 et
519 819 613 902 quasi
630 819 743 883 divina
757 819 879 883 virtute
902 818 1078 902 repulsum,
1095 838 1153 901 per
1168 825 1283 900 aperta
1298 815 1384 879 fora·

220 922 310 986 mina
325 921 460 987 ulterius
476 922 613 988 influere
629 943 694 986 non
711 923 921 1006 presumpsit
966 923 1041 986 Tua
1063 931 1140 985 sunt
1156 922 1235 998 haec,
1251 919 1384 997 Christi,

219 1045 329 1108 opera,
343 1025 401 1110 qui
425 1026 595 1111 discipulis
620 1026 685 1090 tuis
700 1026 847 1110 loquens,
864 1025 977 1090 fideles
992 1036 1067 1090 tuos
1089 1025 1150 1089 hac
1167 1024 1384 1109 promissione

220 1130 372 1194 donasti:
394 1128 462 1213 Qui
478 1132 583 1196 credit
598 1132 631 1195 in
648 1150 710 1210 me,
726 1152 826 1215 opera
840 1151 916 1215 quae
932 1151 995 1215 ego
1010 1129 1104 1208 facio,
1119 1139 1152 1193 et
1168 1130 1238 1213 ipse
1254 1128 1378 1192 faciet²

219 1233 273 1297 Tu
303 1233 402 1298 undis
441 1235 540 1299 maris
574 1255 667 1299 sacra
704 1234 897 1318 impressisti
931 1233 1080 1316 vestigia,
1108 1233 1211 1296 virtus
1249 1229 1385 1296 Niniani

219 1338 404 1403 naturalem
422 1339 522 1403 maris
536 1338 693 1404 virtutem
709 1339 911 1422 compressit
951 1337 1159 1421 Discipulum
1176 1336 1386 1413 titubantem,

220 1450 255 1506 et
269 1441 314 1506 ob
335 1442 399 1506 hoc
415 1442 501 1506 inter
522 1444 629 1507 undas
644 1442 895 1526 periclitantem,
911 1462 952 1506 ne
975 1451 1177 1524 mergeretur
1192 1450 1249 1504 tua
1271 1449 1386 1504 sancta

222 1566 340 1611 manus
355 1548 470 1612 erexit.
517 1548 726 1631 Discipulum
754 1547 944 1632 fugientem,
968 1566 1009 1610 ne
1027 1545 1180 1611 fluctibus
1195 1544 1385 1609 absorbere·

220 1660 283 1729 tur,
313 1650 449 1717 baculus
474 1652 610 1716 Niniani
634 1652 788 1737 protexit„
841 1651 895 1715 Tu
926 1651 1008 1714 mari
1033 1650 1189 1734 inperasti
1215 1659 1249 1714 et
1270 1649 1387 1729 ventis,

221 1765 260 1820 ut
280 1756 450 1840 discipulis
477 1757 578 1821 timor
599 1758 816 1821 adimeretur:
843 1756 947 1820 virtus
970 1755 1106 1820 Niniani
1132 1764 1250 1818 ventos
1274 1753 1387 1819 mode·

221 1857 314 1938 ravit,
329 1868 363 1924 et
378 1879 478 1938 mare,
493 1870 530 1925 ut
546 1860 589 1925 ad
604 1869 721 1945 optata
738 1859 834 1924 litora
845 1859 977 1944 juvenis
992 1857 1213 1923 transferetur.

266 1960 299 2026 A
323 1971 417 2046 parte
443 1962 567 2048 quippe
593 1963 744 2028 orientali
768 1973 887 2029 ventus
911 1982 1087 2047 exurgens,
1108 1959 1293 2025 naviculam
1321 1959 1386 2023 leni

222 2065 318 2149 pulsu
341 2067 504 2152 portabat
549 2067 693 2134 Baculus
709 2089 769 2153 pro
792 2067 866 2133 velo
881 2077 1016 2133 ventum
1037 2066 1235 2151 excipiebat,
1250 2064 1387 2129 baculus

221 2190 283 2254 pro
305 2170 530 2254 gubernaculo
554 2192 672 2236 navem
696 2172 841 2256 regebat,
857 2170 994 2236 baculus
1020 2190 1079 2254 per
1100 2168 1245 2234 anchora
1267 2187 1385 2233 navem

222 2272 367 2340 sistebat.
414 2275 489 2342 Stat
505 2275 538 2340 in
563 2275 658 2341 litore
679 2275 899 2341 occidentali³
912 2274 1064 2359 populus,
1078 2293 1280 2358 cernensque
1297 2271 1387 2336 navi·

222 2377 340 2443 cellam
357 2379 460 2445 instar
474 2379 613 2446 aviculae
628 2380 783 2446 fluctibus
799 2380 949 2459 insidere,
964 2399 1025 2443 nec
1040 2378 1114 2442 velo
1129 2378 1193 2463 agi,
1204 2398 1264 2442 nec
1279 2375 1387 2460 urgeri

222 2483 356 2567 remige,
368 2503 429 2548 nec
440 2484 664 2568 gubernaculo
679 2484 748 2569 regi
761 2506 770 2564 ;
792 2483 949 2569 quidhoc
964 2493 1051 2548 esset
1063 2482 1211 2547 miraculi
1226 2483 1387 2547 attonitus

222 2588 433 2671 expectabat
461 2587 620 2673 Applicat
636 2589 768 2653 interim
784 2587 987 2667 adolescens,
1002 2595 1046 2664 et,
1061 2596 1098 2652 ut
1113 2586 1172 2651 viri
1190 2586 1254 2649 Dei
1270 2585 1388 2649 merita

223 2690 322 2757 latius
337 2693 591 2773 innotescerent,
606 2691 673 2758 fide
687 2693 854 2758 animatus
876 2691 1030 2756 baculum
1052 2689 1127 2755 fixit
1143 2690 1176 2754 in
1191 2689 1323 2769 littore;
1338 2709 1388 2753 ro·

223 2815 307 2881 gans
323 2795 434 2862 Deum
450 2805 488 2862 ut
510 2797 543 2862 in
567 2797 796 2863 testimonium
819 2796 903 2860 tanti
920 2794 1077 2874 miraculi,
1093 2794 1201 2859 missis
1216 2794 1388 2872 radicibus,

223 2900 427 2986 humoreque
449 2911 565 2967 contra
588 2911 741 2968 naturam
757 2910 900 2985 recepto,
915 2920 1025 2964 ramos
1047 2898 1245 2983 frondesque
1267 2898 1390 2982 produ·

223 3014 320 3082 ceret,
335 3025 373 3069 ac
396 3003 493 3070 flores
508 3004 699 3090 fructusque
722 3004 905 3090 parturiret
952 3001 1061 3068 Affuit
1076 3001 1219 3086 propitia
1233 3000 1390 3066 divinitas

223 3110 349 3174 orantis
372 3107 516 3188 affectui,
530 3131 570 3175 ac
587 3131 668 3175 mox
684 3109 811 3194 lignum
835 3106 964 3172 aridum
987 3107 1145 3190 porrectis
1168 3105 1341 3185 radicibus,
1356 3113 1390 3170 et

225 3232 312 3277 novo
336 3233 371 3278 se
395 3214 517 3279 cortice
542 3215 696 3292 vestiens,
711 3212 845 3278 frondes
867 3230 1043 3295 ramosque
1062 3208 1231 3294 produxit,
1246 3230 1285 3273 ac
1300 3219 1391 3293 post·

225 3319 362 3383 modum
385 3319 418 3383 in
441 3319 592 3384 arborem
616 3339 682 3384 non
706 3317 872 3382 modicam
897 3335 1054 3394 crescens,
1075 3315 1232 3380 virtutem
1256 3313 1392 3378 Niniani

224 3422 325 3486 etiam
351 3442 438 3488 nunc
461 3424 589 3489 cunctis
609 3422 820 3488 cernentibus
842 3420 1007 3506 patefacit
1057 3418 1211 3485 Adicitur
1233 3417 1392 3483 miraculo

225 3525 429 3593 miraculum.
485 3526 542 3592 Ad
569 3528 713 3592 radicem
740 3527 865 3610 quippe
891 3523 1016 3589 arboris
1041 3522 1115 3588 fons
1141 3522 1392 3605 limpidissimus

225 3650 411 3715 erumpens,
437 3631 578 3696 vitreum
605 3630 747 3697 rivulum
777 3630 843 3696 leni
873 3638 1060 3714 serpentem
1088 3646 1264 3705 murmure,
1289 3627 1391 3692 ductu

225 3733 366 3820 longiori
392 3736 525 3817 emittit,
549 3745 585 3801 et
613 3745 750 3820 aspectu
777 3734 1019 3812 delectabilem,
1046 3740 1079 3797 et
1105 3730 1237 3797 dulcem
1263 3730 1393 3812 haustu,

225 3836 363 3902 infirmis
379 3849 491 3905 autem
507 3839 551 3904 ob
566 3839 671 3903 sancti
688 3838 807 3905 merita
821 3838 937 3903 utilem
953 3845 987 3902 et
1002 3835 1189 3901 salubrem.⁴

260 4131 273 4162 .
389 4120 423 4173 ‘⁸

227 4119 601 4333 le'lnhll'allollllgleptinted
619 4203 1106 4272 “orientali'’rrbicbistbereediug
1124 4202 1394 4257 utriculanum

249 4284 1395 4437 'italloeuleulztonurmteymumntmuuructnuidammdurempn

226 4447 454 4502 todeetoScotia.
477 4450 1395 4521 Hbooradeisoeugbtbyaviudfromtbeeastrndtbepeoplewbo

226 4530 322 4583 receive
332 4531 686 4586 bimmudontbewtern
697 4535 779 4588 abore.
814 4532 1194 4600 Asitstandstbedercriptiou
1205 4532 1290 4600 points
1298 4531 1395 4585 neither

227 4612 1395 4684 ommumtnhirauuesoetutowtteuucyorussoortorbuntn·

803 4717 824 4763 G
