3226 5520
219 439 282 504 206
497 437 644 503 VITA
685 438 1001 505 Il.—LIBER·
1031 436 1117 503 111.

218 646 335 710 iisdem
359 644 477 708 diebus
499 645 541 708 de
565 644 678 710 Scotia
705 645 880 727 remigans,
908 642 1035 706 Himba
1059 641 1093 704 in
1122 640 1241 704 insula
1269 639 1415 724 reliquis

218 749 427 813 diebusvitae
443 769 512 812 suae
527 768 733 831 permanens,
749 748 855 812 sancti
878 746 1052 813 Columbae
1076 745 1265 809 monachis
1280 745 1414 829 saepius

218 853 399 917 enarrabat.
445 851 512 935 Qui
528 852 681 917 videlieet
696 852 874 935 virgnous,
889 860 966 935 post
988 849 1112 915 multos
1127 849 1163 913 in
1183 849 1414 933 subjectione

218 958 303 1021 inter
318 957 433 1022 sratres
455 957 781 1040 irreprehensibiliter
796 956 950 1039 expletos
974 974 1088 1033 annos,
1103 954 1190 1018 alios
1214 954 1410 1019 duodecim

218 1062 252 1124 in
298 1061 372 1126 loco
415 1062 688 1126 anachoretarum
734 1061 767 1123 in
817 1059 1062 1137 Muirbulcmar,
1104 1059 1215 1123 vitam
1274 1058 1410 1122 ducens

217 1166 493 1243 anachoreticam,
524 1165 645 1230 Christi
677 1165 782 1228 victor
818 1164 921 1241 miles,
951 1162 1106 1247 explevit
1170 1161 1281 1226 Hanc
1317 1183 1408 1246 prae-

217 1271 341 1334 dictam
357 1270 528 1348 visionem,
543 1289 610 1333 non
635 1269 742 1333 solum
766 1269 896 1352 paginis
915 1268 1106 1351 inscriptam
1123 1267 1327 1351 reperimus,
1343 1268 1407 1332 sed

109 1450 111 1454 Ι
217 1383 251 1438 et
280 1367 323 1439 ab
353 1373 517 1457 aliquibus
547 1374 695 1456 expertis
732 1373 923 1448 senioribus,
959 1372 1079 1456 quibus
1107 1371 1182 1456 ipse
1220 1371 1406 1457 Virgnous

217 1479 381 1557 retulerat,
397 1479 467 1542 sine
482 1477 551 1541 ullo
566 1478 742 1541 didicimus
758 1478 975 1543 cunctamine

262 1582 391 1646 Eadem
415 1600 548 1665 quoque
571 1581 652 1646 hora
676 1581 776 1646 aliam
799 1582 970 1660 visionem,
985 1580 1080 1645 aliter
1095 1579 1294 1660 revelatam,
1310 1599 1403 1644 unus

217 1707 261 1750 ex
286 1687 334 1750 eis
356 1687 413 1769 qui
436 1686 596 1764 viderant,
620 1686 742 1752 Christi
768 1685 871 1763 miles,
886 1685 983 1749 valde
1006 1704 1121 1764 senex,
1143 1685 1242 1768 cujus
1271 1704 1401 1749 nomen

218 1789 338 1853 Latine
352 1789 453 1854 etiam
477 1798 589 1872 potest
606 1788 672 1853 dici
697 1789 878 1868 Ferreolus,
893 1788 1025 1855 Scotice
1038 1809 1118 1854 vero
1132 1788 1277 1869 Arrene,
1291 1798 1400 1873 gente

218 1891 459 1971 Moculirroiue‚
475 1894 530 1977 qui
553 1894 638 1958 inter
658 1893 797 1958 aliorum
821 1894 926 1958 sancti
950 1892 1124 1960 Columbae
1147 1893 1398 1959 monachorum

217 1997 368 2082 reliquas,
390 2007 424 2062 et
448 1999 519 2081 ipse
541 2008 675 2062 sanctus
700 1999 882 2063 monachus
902 1998 936 2063 in
961 2000 1072 2063 Dorso
1096 1999 1214 2063 Tomae
1239 1998 1399 2083 sepultus

216 2122 292 2165 cum
323 2102 447 2166 sanctis
476 2103 747 2166 resurrectionem
778 2112 944 2187 expectat,
974 2102 1055 2166 mihi
1086 2101 1305 2181 Adamnano,
1335 2101 1397 2167 illo

213 2204 328 2289 juveni
348 2207 382 2270 in
406 2215 565 2290 tempore,
581 2227 657 2271 cum
679 2208 795 2290 grandi
820 2207 975 2271 retulerat
999 2205 1240 2284 testificatione,
1256 2207 1396 2271 dicens:

220 2310 281 2373 illa
296 2310 329 2373 in
347 2321 443 2374 noete
459 2330 525 2392 qua
541 2320 675 2374 sanctus
690 2309 855 2375 Columba
878 2311 921 2374 de
946 2320 1031 2374 terra
1055 2310 1097 2374 ad
1124 2310 1228 2374 coelos
1252 2309 1343 2374 felici
1358 2320 1395 2375 et

217 2413 317 2477 beato
332 2414 397 2478 fine
412 2415 552 2492 transiit,
569 2436 632 2497 ego
647 2424 681 2478 et
702 2415 757 2478 alii
773 2435 903 2478 mecum
919 2415 979 2478 viri
995 2414 1184 2479 laborantes
1199 2415 1233 2478 in
1250 2423 1395 2498 captura

217 2519 356 2601 piscium
385 2519 416 2582 in
444 2517 531 2582 valle
556 2519 676 2601 piscosi
701 2518 846 2582 fluminis
874 2519 1007 2597 Fendae‚
1033 2519 1144 2583 subito
1168 2526 1281 2583 totum
1303 2518 1394 2582 aerei

218 2623 417 2688 illustratum
433 2622 507 2685 coeli
524 2623 668 2704 spatium
690 2623 841 2686 vidimus.
898 2622 1002 2705 Cujus
1023 2620 1171 2687 miraculi
1186 2620 1395 2686 subitatione

217 2727 368 2809 permoti,
398 2727 511 2790 oculos
542 2726 583 2789 ad
614 2727 775 2790 orientem
806 2727 952 2790 elevatos
981 2726 1213 2805 convertimus,
1242 2735 1280 2789 et
1305 2746 1395 2804 ecce,

218 2831 312 2912 quasi
328 2831 482 2912 quaedam
499 2830 693 2912 pergrandis
716 2831 815 2913 ignea
838 2832 992 2914 apparuit
1011 2830 1175 2908 columna,
1189 2850 1268 2913 quae
1284 2830 1318 2893 in
1335 2829 1394 2895 illa

218 2945 316 2998 nocte
340 2935 449 2998 media
476 2954 604 2997 sursum
632 2934 814 2998 ascendens
837 2935 883 2999 ita
908 2936 1003 2998 nobis
1027 2933 1201 2999 videbatur
1225 2936 1393 2999 mundum

218 3038 380 3102 illustrare
411 3049 528 3117 totum,
559 3039 654 3103 sicuti
689 3048 809 3103 aesteus
843 3048 878 3102 et
912 3039 1112 3102 meridianus
1143 3037 1201 3115 sol,
1230 3047 1266 3101 et
1301 3048 1393 3121 post-

217 3163 318 3224 quam
335 3143 391 3206 illa
407 3144 589 3225 penetravit
606 3142 760 3206 columna
776 3144 907 3221 coelum,
923 3144 1015 3226 quasi
1032 3154 1108 3226 post
1129 3162 1286 3205 occasum
1303 3143 1393 3220 soliS,

218 3246 363 3310 tenebrae
387 3247 575 3309 succedunt.
636 3246 746 3329 Hujus
772 3247 882 3328 itaque
905 3247 1133 3310 claritudinem
1159 3247 1338 3309 luminosae
1359 3255 1394 3311 et

217 3351 437 3432 praedicabilis
464 3350 635 3426 columnae,
660 3371 725 3413 non
754 3361 884 3414 tantum
912 3372 980 3427 nos,
1007 3351 1062 3432 qui
1089 3351 1186 3413 simul
1212 3352 1245 3413 in
1269 3353 1393 3415 eodem

218 3454 291 3517 loco
315 3455 488 3531 ineramus,
515 3475 590 3518 cum
615 3456 741 3536 ingenti
769 3456 988 3519 admiratione
1012 3456 1164 3532 vidimus,
1189 3457 1247 3518 sed
1276 3466 1312 3520 et
1337 3457 1394 3520 alii

219 3560 313 3623 multi
331 3561 519 3641 piscatores,
534 3560 590 3640 qui
616 3560 755 3641 sparsim
782 3580 839 3642 per
864 3561 1009 3623 diversas
1034 3559 1221 3622 fluminales
1246 3559 1397 3641 piscinas

219 3664 367 3744 ejusdem
385 3663 529 3725 fluminis
546 3663 766 3744 piscabantur,
782 3663 866 3726 sicut
882 3663 978 3726 nobis
994 3673 1069 3745 post
1084 3662 1275 3740 retulerant,
1293 3664 1396 3728 simili

218 3767 426 3849 apparitione
449 3767 526 3842 visa,
544 3787 666 3848 magno
690 3787 811 3848 pavore
835 3765 1082 3850 sunts‘perculsi.
1141 3766 1274 3829 Harum
1292 3767 1399 3850 igitur

219 3874 317 3937 trium
357 3872 514 3934 miracula
543 3872 706 3934 visionum
739 3872 855 3933 eadem
895 3871 1051 3935 transitus
1089 3869 1171 3932 hora
1207 3873 1399 3936 venerandi

218 3976 449 4057 apparentium
477 3974 615 4056 patroni,
639 3983 781 4036 aeternos
804 3974 833 4035 ei
857 3993 877 4034 a
902 3973 977 4036 Deo
1001 3971 1138 4035 collatos
1161 3981 1402 4053 protestantur

218 4079 365 4141 honores
413 4079 467 4140 Ad
486 4078 692 4159 propositum
709 4086 917 4139 revertamur.

264 4184 394 4246 Interea
409 4191 485 4264 post
501 4192 624 4244 sanctae
640 4201 809 4263 egressum
833 4181 962 4256 animae,
978 4178 1111 4262 hymnis
1136 4179 1403 4249 matutinalibus

218 4288 410 4362 terminatis
427 4306 554 4348 sacrum
571 4306 690 4367 corpus
707 4286 748 4348 de
764 4284 902 4346 ecclesia
918 4285 959 4347 ad
977 4283 1166 4365 hospitium,
1181 4285 1273 4345 unde
1291 4289 1403 4367 paulo

217 4402 294 4455 ante
309 4391 422 4454 vivens
438 4401 580 4464 venerat,
596 4410 671 4452 cum
688 4409 809 4452 canora
833 4387 967 4451 lratrum
992 4396 1176 4469 reportatur
1191 4386 1403 4472 psalmodia,

217 4496 420 4579 honesteque
445 4497 545 4557 ternis
566 4496 683 4558 diebus
698 4504 731 4558 et
748 4493 887 4558 totidem
914 4492 1066 4557 noctibus
1090 4490 1306 4557 honorabiles
1333 4498 1404 4563 rite
