3226 5520
221 472 280 549 1172
513 464 659 532 VITA
696 462 1004 532 lta-LIBER
1042 463 1101 532 11.

261 673 372 739 Prima
393 673 465 739 vice
486 691 562 738 cum
584 670 709 739 dolatae
722 685 794 757 ’ρετ
814 679 950 738 terrain¹
964 673 1072 757 pineae‘
1093 681 1129 739 et
1149 670 1301 739 roboreae
1324 683 1390 739 tra·

217 777 372 843 herentur
402 778 511 862 longae
540 790 664 856 naves,²
687 785 721 842 et
751 794 885 861 magna
914 778 1049 843 navium
1078 777 1202 862 pariter
1236 779 1389 844 materiae

217 883 433 949 eveherentur
452 883 592 962 domus;
614 882 703 948 beati
724 881 784 946 viri
801 882 1002 947 vestimenta
1023 891 1058 948 et
1079 882 1189 963 libros,
1204 883 1290 948 inito
1310 904 1389 948 con·

217 987 300 1067 silio,
315 1007 414 1070 super
435 986 547 1064 altare,
563 1006 638 1051 curn
662 985 798 1069 psalmis
821 995 855 1051 et
874 985 1090 1072 jejunatione,
1104 995 1140 1053 et
1154 987 1227 1072 ejus
1243 989 1389 1053 nominis

217 1092 434 1170 invocatione,
455 1090 635 1174 posuimus,
654 1101 691 1156 ut
714 1112 735 1155 a
757 1090 906 1155 Domino
930 1101 1105 1157 ventorum
1132 1093 1388 1178 prosperitatem

218 1196 313 1260 nobis
328 1194 535 1280 profuturam
550 1196 749 1280 impetraret
796 1196 897 1282 Quod
914 1197 961 1262 ita
972 1197 1080 1263 eidem
1093 1206 1210 1263 sancto
1220 1198 1301 1276 viro,
1313 1198 1389 1263 Deo

217 1286 372 1379 donante,
388 1298 512 1365 lactum
529 1304 586 1365 est
632 1299 722 1364 Nam
743 1321 783 1366 ea
805 1301 860 1366 die
882 1321 948 1385 qua
971 1301 1074 1366 nostri
1096 1310 1218 1382 nautae,
1231 1301 1390 1367 omnibus

217 1405 420 1488 praeparatis,
435 1424 535 1487 supra
556 1413 814 1470 memoratarum
838 1403 929 1490 ligna
952 1406 1163 1472 materiarum
1186 1427 1390 1492 proposuere

216 1508 348 1591 scaphis
363 1528 422 1591 per
443 1526 533 1573 mare
553 1515 587 1572 et
611 1509 739 1573 curucis
762 1508 891 1575 trahere
913 1509 1013 1588 venti,
1036 1509 1211 1595 praeteritis
1232 1510 1390 1576 contrarii

217 1612 343 1692 diebus,
365 1612 477 1677 subito
499 1613 533 1676 in
560 1613 723 1677 secundos
749 1613 898 1678 conversi
925 1623 1011 1680 sunt
1067 1612 1157 1681 Tum
1183 1614 1316 1695 deinde,
1331 1635 1390 1699 per

218 1715 335 1800 longas
350 1726 384 1780 et
399 1715 551 1799 obliquas
562 1717 642 1795 vias,
654 1726 725 1782 tota
740 1717 795 1782 die
810 1718 976 1801 prosperis
992 1716 1133 1796 flatibus,
1145 1717 1222 1783 Deo
1234 1719 1390 1803 propitio,

218 1818 476 1900 famulantibus;
498 1829 532 1884 et
554 1818 660 1903 plenis
681 1820 752 1884 sine
773 1821 839 1885 ulla
859 1821 1081 1887 retardatione
1096 1821 1185 1900 velis,
1200 1822 1243 1887 ad
1268 1822 1390 1888 Ionam

218 1923 361 1990 insulam
377 1924 486 1989 omnis
501 1922 558 1988 illa
573 1923 700 1988 navalis
715 1924 891 2008 emigratio
905 1927 1063 2010 prospere
1078 1922 1236 2009 pervenit.

262 2029 418 2095 Secunda
428 2048 507 2093 vero
519 2028 598 2108 vice,
609 2048 686 2094 cum
706 2037 785 2113 post
798 2029 987 2113 aliquantos
1002 2029 1259 2095 intervenientes
1274 2051 1393 2111 annos,

218 2133 293 2198 aliae
323 2134 494 2199 nobiscum
525 2133 673 2197 roboreae
706 2132 750 2197 ab
779 2134 866 2198 ostio
896 2133 1042 2197 fluminis
1073 2131 1180 2212 Salx,³
1208 2134 1389 2202 duodecim

218 2237 347 2304 curucis
376 2237 594 2322 congregatis,
625 2237 772 2302 materiae
803 2239 846 2302 ad
881 2247 1032 2303 nostrum
1062 2239 1293 2305 renovandum
1325 2251 1392 2307 tra·

219 2341 374 2408 herentur
389 2342 635 2420 monasterium,
650 2340 716 2406 alio
737 2343 791 2406 die
807 2341 986 2426 tranquillo
1002 2342 1111 2408 nautis
1127 2340 1218 2409 mare
1233 2344 1394 2429 palmulis

218 2445 432 2525 verrentibus,
451 2445 562 2511 subito
589 2446 684 2510 nobis
710 2447 894 2511 contrarius
920 2447 1061 2531 insurgit
1084 2442 1260 2528 Favonius,
1276 2451 1335 2533 qui
1357 2461 1394 2517 et

219 2550 380 2634 Zephirus
403 2558 532 2629 ventuS,
552 2549 584 2613 in
608 2549 798 2633 proximam
822 2559 894 2615 tum
917 2548 1123 2616 declinamus
1145 2550 1300 2634 insulam,
1315 2574 1394 2640 quae

220 2655 351 2722 Scotice
388 2654 552 2718 vocitatur
589 2653 769 2739 Airtrago,⁴
783 2655 815 2718 in
853 2675 893 2719 ea
929 2662 1063 2738 portum
1101 2654 1144 2720 ad
1183 2658 1392 2725 manendum

220 2768 414 2843 quaerentes.
460 2759 527 2825 Sed
542 2758 627 2823 inter
637 2758 709 2822 haec
721 2760 764 2824 de
779 2758 836 2823 illa
851 2760 1041 2843 importuna
1052 2760 1143 2825 venti
1155 2763 1394 2843 contrarietate

220 2864 387 2951 querimur
400 2886 408 2945 ;
431 2871 465 2928 et
480 2862 730 2947 quodammodo
745 2864 839 2947 quasi
855 2883 1010 2929 accusare
1025 2873 1174 2930 nostrum
1188 2864 1394 2933 Columbam

218 2968 389 3051 coepimus,
411 2967 579 3032 dicentes:
607 2965 763 3031 Placetne
785 2966 855 3046 tibi,
879 2967 1011 3047 Sancte,
1034 2966 1105 3032 haec
1128 2968 1225 3033 nobis
1248 2970 1393 3038 adversa

220 3073 423 3138 retardatio?
470 3071 546 3137 Huc
563 3091 667 3154 usque
683 3089 703 3134 a
718 3078 760 3150 te,
777 3070 852 3134 Deo
872 3070 1027 3154 propitio,
1043 3070 1177 3155 aliquod
1200 3082 1393 3140 nostrorum

221 3177 371 3242 laborum
396 3176 544 3260 praestari
568 3174 772 3260 speravimus
803 3175 1058 3240 consolatorium
1089 3177 1332 3261 adjumentum,
1360 3191 1396 3246 te

220 3282 374 3346 videlicet
390 3281 594 3345 aestimantes
610 3279 749 3363 alicujus
765 3300 836 3343 esse
851 3282 986 3362 grandis
1006 3282 1096 3364 apud
1120 3281 1231 3346 Deum
1247 3281 1395 3352 honoris

223 3387 287 3449 His
311 3387 416 3465 dictis,
440 3396 516 3469 post
540 3385 717 3461 modicum,
739 3384 832 3468 quasi
855 3385 952 3449 unius
977 3386 1147 3463 momenti,
1171 3382 1396 3470 intervallum,

222 3491 340 3553 mirum
357 3491 457 3567 dictu,
473 3510 549 3554 ecce
571 3490 737 3553 Favonius
756 3498 873 3554 ventus
894 3499 1001 3554 cessat
1023 3490 1214 3570 contrarius,
1229 3491 1396 3560 Vulturn-

221 3614 325 3676 usque
344 3593 410 3670 flat,
426 3594 516 3657 dicto
537 3594 643 3671 citius,
659 3593 831 3658 secundus.
875 3594 964 3677 Jussi
989 3603 1061 3660 tum
1085 3603 1195 3660 nautae
1218 3607 1399 3681 antennas,

222 3699 326 3761 crucis
339 3699 450 3776 instar,
459 3708 493 3761 et
503 3698 575 3760 vela
587 3698 751 3779 protensis
762 3696 937 3762 sublevant
948 3699 1150 3778 rudentibus,
1160 3703 1399 3788 prosperisque

258 3939 288 3965 1·1
308 3924 340 3973 Α.
375 3940 422 3973 om.
443 3924 471 3974 B.

254 4021 265 4048 2
280 4007 404 4071 Probably
422 4008 495 4056 made
513 4007 541 4056 ol
558 4007 683 4057 hollowed
704 4014 775 4058 trees.
813 4009 880 4059 Such
901 4009 972 4059 boats
989 4010 1052 4060 have
1072 4011 1135 4061 been
1154 4010 1232 4061 sound
1249 4011 1276 4062 in
1294 4016 1402 4069 various

221 4096 288 4152 parts
300 4088 329 4137 ol
346 4088 466 4139 Scotland
481 4087 532 4137 and
551 4087 651 4138 Ireland
664 4088 690 4138 in
702 4089 771 4153 bogs,
787 4090 836 4138 and
854 4097 881 4139 at
900 4091 941 4140 the
957 4091 1053 4140 bottom
1064 4090 1094 4140 ol
1107 4091 1183 4141 lakes
1219 4092 1305 4145 Three
1319 4097 1402 4151 kind,

221 4171 249 4218 ol
259 4171 349 4220 vessels
360 4186 401 4220 are
414 4170 558 4222 mentioned
570 4171 596 4220 in
606 4171 655 4221 this
666 4171 877 4237 chapter-naves
888 4175 970 4238 longa,
982 4173 1082 4238 scapha,
1091 4174 1141 4224 and
1159 4189 1261 4225 mmm.
1301 4179 1404 4234 Others

220 4252 364 4301 mentioned
381 4253 515 4303 elsewhere
533 4269 575 4303 are
592 4254 665 4303 barca
679 4252 723 4314 (1,
742 4254 792 4315 28),
812 4256 931 4306 macuta
948 4257 992 4318 (1,
1010 4257 1052 4320 34)
1069 4256 1143 4306 πανὺ
1159 4259 1286 4320 onerarr‘ra,
1307 4263 1401 4328 alnus,

219 4335 356 4398 caupallus,
370 4335 461 4398 cymba,
476 4335 588 4398 cymbula
600 4335 660 4396 (11,
675 4347 698 4399 3,
713 4346 752 4399 27,
767 4337 817 4400 34).

252 4416 336 4475 ssale,
350 4416 383 4465 Α.
418 4416 474 4466 The
487 4417 547 4477 Seil,
560 4417 586 4468 in
599 4418 689 4469 Lorne

251 4497 409 4563 rairthrago,
429 4499 461 4551 A.
495 4499 599 4565 airtago,
616 4501 685 4553 Cott.
723 4501 847 4568 Probably
863 4502 906 4553 the
924 4502 1006 4554 island
1024 4502 1053 4555 of
1073 4503 1188 4556 Kerrera.
1224 4505 1270 4557 Dr.
1296 4509 1405 4566 Reevu

218 4588 330 4648 suggests
340 4582 433 4635 Arrun·
