3226 5520
222 502 283 570 144
517 485 663 553 VITA
703 481 1008 551 II.—LIBER
1046 480 1103 550 Il.

218 693 322 758 securi
339 693 371 756 in
389 690 511 757 fossula
526 693 707 757 excussorii
723 711 897 776 percussus
909 689 1074 756 morietur.
1120 687 1208 773 Quae
1221 686 1339 753 omnia
1348 688 1391 753 de

217 807 366 880 utroque,
378 797 479 880 juxta
494 797 599 861 sancti
615 795 823 880 prophetiam
839 795 909 873 viri,
923 793 1022 878 plene
1035 801 1114 858 sunt
1127 790 1291 876 expleta·

621 1245 821 1313 CAPUT
859 1243 983 1308 XXI.

218 1425 270 1490 De
295 1423 488 1491 columbano
508 1444 594 1508 nque
607 1423 730 1507 plebeio
751 1423 831 1501 niro,
849 1422 940 1505 nrjirs
953 1432 1068 1505 pecora
1088 1417 1265 1484 admodum
1279 1428 1392 1502 pauca

315 1529 375 1595 Vir
391 1529 532 1594 Sanctus
551 1528 732 1604 benedici&
753 1527 813 1593 sed
822 1536 898 1610 post
918 1525 1010 1591 illius
1030 1522 1274 1590 benedictionem
1289 1542 1391 1607 usque

304 1633 354 1698 ad
362 1633 581 1697 centenarium
595 1641 764 1697 creverunt
777 1651 956 1695 numerum.

220 1800 316 1866 AL10
329 1819 463 1885 quoque
481 1801 515 1865 in
531 1811 689 1884 tempore,
703 1801 753 1864 vir
775 1800 892 1864 beatus
914 1797 1059 1881 quadam
1082 1803 1188 1875 nocte,
1202 1813 1281 1861 cum
1296 1795 1389 1879 apud

220 1924 320 1989 supra
342 1915 563 1971 memoratum
586 1903 832 1972 Columbanum
854 1912 934 1966 tunc
956 1899 1114 1984 temporis
1136 1900 1280 1983 inopem,
1304 1899 1392 1965 bene

219 2007 450 2092 hospitaretur,
474 2029 572 2074 mane
594 2009 702 2092 primo
727 2008 880 2084 Sanctus,
895 2006 991 2070 sicuti
1013 2005 1163 2089 superius
1184 2004 1229 2068 de
1250 2004 1391 2069 Nesano

220 2123 517 2179 commemoratum
547 2124 607 2192 est,
635 2112 678 2176 de
709 2112 896 2196 quantitate
924 2119 959 2174 et
994 2109 1155 2193 qualitate
1190 2109 1391 2175 substantiae

218 2215 385 2300 plebeium
414 2216 581 2301 hospitem
610 2218 799 2300 interrogat
859 2212 927 2298 Qui
956 2215 1197 2298 interrogatusr
1229 2213 1391 2299 Quinque

218 2321 275 2400 ait,
291 2321 534 2401 tantummodo,
555 2320 663 2386 habeo
684 2321 858 2400 vacculas;
886 2339 971 2403 quae,
991 2319 1019 2382 si
1039 2338 1096 2383 eas
1117 2318 1340 2399 benedixeris,
1354 2319 1390 2383 in

219 2424 327 2507 majus
343 2434 497 2490 crescent
533 2422 627 2508 Quas
641 2423 769 2503 illico,a
786 2423 911 2489 Sancto
922 2423 1043 2506 jussus,
1054 2421 1206 2499 adduxit,
1221 2421 1391 2506 similique

222 2529 332 2608 modo,
346 2538 385 2593 ut
399 2549 499 2612 supra
514 2530 557 2593 de
574 2528 698 2593 Nesani
718 2529 828 2612 quinis
850 2527 977 2591 dictum
1000 2536 1051 2591 est
1064 2525 1218 2605 vacculis,
1232 2536 1267 2592 et
1289 2526 1390 2612 hujus

222 2629 421 2697 Columbani
458 2630 595 2695 boculas
631 2631 782 2715 quinales
818 2630 990 2714 aequaliter
1022 2628 1231 2709 benedicens,
1260 2629 1391 2715 inquitr

221 2733 388 2800 Centenas
410 2745 444 2800 et
466 2735 621 2819 quinque,
638 2735 713 2798 Deo
734 2734 890 2811 donante,
905 2732 1043 2799 habebis
1066 2752 1191 2812 vaccas,
1212 2740 1248 2798 et
1269 2734 1334 2801 erit
1355 2735 1390 2800 in

220 2837 296 2902 filiis
317 2846 352 2903 et
374 2838 551 2922 nepotibus
573 2840 640 2902 tuis
662 2838 780 2904 florida
802 2839 996 2904 benedictio.
1042 2837 1128 2922 Quae
1147 2838 1270 2918 omnia,
1285 2839 1391 2923 juxta

218 2940 308 3008 beati
323 2943 384 3007 viri
407 2943 706 3027 prophetationem,
721 2943 754 3006 in
778 2942 866 3026 agris
888 2951 922 3007 et
944 2940 1118 3026 pecoribus
1139 2941 1212 3026 ejus
1231 2952 1266 3007 et
1285 2943 1390 3027 prole,

220 3045 411 3129 plenissime
433 3047 615 3129 adimpleta
637 3056 715 3111 sunt
727 3069 735 3127 ;
762 3047 949 3128 mirumque
970 3046 1004 3110 in
1027 3046 1165 3110 modum
1188 3066 1348 3112 numerus
1370 3069 1391 3113 a

221 3150 347 3216 Sancto
363 3149 544 3235 praefinitus
559 3171 658 3234 supra
674 3151 866 3216 memoratis
880 3151 1043 3217 ambobus
1054 3151 1140 3228 viris,
1152 3150 1185 3214 in
1197 3154 1390 3218 centenario

220 3275 395 3320 vaccarum
411 3265 446 3318 et
460 3255 612 3338 quinario
632 3255 787 3339 expletus
810 3275 957 3334 numero,
973 3254 1064 3318 nullo
1087 3255 1188 3318 modo
1210 3257 1390 3339 superaddi

220 3359 337 3441 potuit
377 3359 464 3422 Nam
481 3358 545 3437 illa,
558 3379 632 3441 quae
648 3379 747 3442 supra
762 3357 962 3442 praefinitum
978 3356 1189 3422 excedebant
1203 3377 1390 3439 numerum,

219 3461 357 3525 diversis
380 3472 545 3546 praerepta
567 3463 706 3540 casibus,
723 3482 886 3545 nusquam
909 3471 1171 3547 compamerant,
1186 3473 1334 3547 excepto
1348 3484 1389 3530 eo

220 3567 311 3649 quod
338 3575 396 3630 aut
423 3566 456 3628 in
484 3586 561 3631 usus
588 3567 738 3651 proprios
761 3566 903 3644 familiae,
919 3576 977 3631 aut
1003 3567 1104 3631 etiam
1131 3567 1165 3630 in
1191 3586 1277 3649 opus
1302 3566 1388 3633 elee-

220 3687 378 3752 mosynae,
405 3671 551 3752 expendi
574 3679 712 3753 poterat
774 3671 813 3734 ln
843 3672 905 3734 hac
932 3671 1045 3753 itaque
1070 3671 1267 3751 narratione,
1289 3682 1327 3737 ut
1353 3673 1388 3737 in

218 3773 355 3852 caeteris,
367 3773 496 3838 virtutis
510 3774 705 3839 miraculum
721 3783 756 3838 et
771 3773 945 3858 prophetia
956 3774 1054 3840 simul
1066 3785 1180 3859 aperte
1190 3776 1387 3843 ostenditur.

221 3877 309 3941 Nam
326 3879 358 3941 in
376 3898 498 3961 magna
512 3898 686 3944 vaccarum
709 3880 925 3962 ampliatione
949 3879 1188 3944 benedictionis
1210 3880 1335 3962 pariter
1354 3891 1389 3946 et

218 3983 376 4047 orationis
391 3984 494 4049 virtus
513 3992 662 4068 apparet,
677 3994 711 4049 et
734 3985 767 4047 in
791 3982 1010 4068 praefinitione
1033 3985 1159 4050 numeri
1182 3983 1388 4069 prophetalis

219 4089 435 4171 praescientia

251 4333 284 4360 Μ
300 4318 421 4384 Wnnting
432 4318 459 4369 in
471 4319 559 4370 Codex
570 4320 602 4370 Α.
629 4319 659 4369 In
671 4318 778 4370 Codices
790 4320 819 4370 B.
833 4320 884 4369 and
895 4320 963 4370 Cott
977 4319 1048 4384 only,
1062 4318 1145 4370 urbere
1155 4318 1176 4369 ir
1186 4318 1208 4370 is
1215 4317 1304 4385 joined
1314 4335 1350 4371 ou
1362 4328 1388 4371 to

217 4400 260 4450 the
276 4401 411 4466 preceding
429 4401 536 4452 without
552 4401 642 4464 rubric,
661 4402 724 4464 title,
743 4403 883 4468 paragraph
900 4418 929 4452 or
944 4418 994 4468 any
1010 4402 1082 4453 other
1099 4402 1170 4453 marli
1187 4401 1216 4453 ol
1228 4402 1385 4455 distinction.

218 4483 356 4534 Pinlrerton
367 4484 440 4534 made
452 4484 471 4534 ir
483 4500 498 4533 a
509 4491 622 4549 separate
632 4484 744 4551 chapter,
757 4486 808 4535 and
819 4485 934 4552 supplied
945 4485 988 4537 the
999 4485 1054 4538 title
1065 4485 1129 4537 from
1140 4485 1183 4538 the
1194 4486 1388 4553 capitulationes

217 4573 244 4616 at
256 4566 298 4616 the
309 4566 446 4631 beginning
456 4565 486 4616 ol
494 4565 536 4618 the
548 4567 628 4617 Bnolr.
