3226 5520
221 457 284 540 136
505 454 650 522 VITA
690 451 993 520 II.-L1BER
1031 449 1089 517 11.

218 661 313 729 silere
339 684 405 729 non
435 663 595 729 debemus
621 662 721 728 etiam
748 661 812 726 alia
839 659 1005 739 miracula,
1030 678 1106 744 quae
1131 678 1192 743 per
1217 657 1389 727 Sanctum

219 767 385 834 Dominus
414 769 563 853 eJusdem
593 768 627 832 in
657 788 700 847 re,
727 767 803 831 licet
832 766 969 831 diversis
994 763 1199 849 temporibus
1228 771 1265 828 et
1296 762 1390 843 locis,

218 883 376 938 creaturae
399 875 533 957 peregit
579 871 659 936 Alio
681 891 825 954 namque
848 871 881 933 in
904 878 1065 952 tempore,
1080 887 1156 932 cum
1179 866 1330 933 Sanctus
1351 867 1388 931 in

217 996 277 1041 sua
306 987 553 1042 conversaretur
579 976 852 1060 peregrinatione,
878 972 986 1036 inians
1015 972 1045 1036 ei
1072 992 1130 1055 per
1152 980 1312 1055 parentes
1340 970 1388 1036 ad

217 1080 455 1166 baptizandum
485 1081 621 1147 offertur
650 1081 713 1145 iter
741 1079 877 1161 agenti;
913 1087 947 1141 et
977 1076 1055 1159 quia
1084 1075 1118 1139 in
1148 1075 1266 1139 vicinis
1296 1094 1388 1159 aqua

218 1207 284 1250 non
323 1187 551 1252 inveniebatur
586 1186 675 1264 locis,
713 1184 866 1260 Sanctus,
902 1182 945 1245 ad
984 1180 1174 1264 proximam
1209 1178 1388 1245 declinans

216 1311 342 1374 rupem,
371 1291 467 1356 flexis
504 1291 644 1374 genibus
677 1288 844 1373 paulisper
872 1286 987 1363 oravit,
1016 1293 1050 1350 et
1086 1293 1164 1368 post
1194 1285 1387 1351 orationem

217 1415 364 1478 surgens,
393 1395 543 1478 ejusdem
574 1392 664 1477 rupis
693 1391 836 1457 frontem
866 1390 1062 1468 benedixit;
1098 1388 1141 1453 de
1170 1408 1238 1473 qua
1265 1409 1387 1455 conse-

217 1508 355 1580 quentet
391 1518 478 1581 aqua
515 1497 724 1562 abundanter
760 1495 920 1560 ebulliens
963 1493 1086 1574 fluxit;
1128 1493 1163 1556 in
1199 1512 1267 1577 qua
1304 1513 1386 1559 con·

216 1602 310 1667 tinuo
340 1601 500 1667 infantem
530 1601 719 1686 baptizavit
787 1599 841 1664 De
874 1620 941 1682 quo
970 1599 1071 1663 etiam
1101 1597 1272 1682 baptizato
1302 1598 1387 1679 haec,

215 1704 409 1784 vaticinans,
437 1705 549 1769 intulit
577 1705 685 1782 verba,
715 1703 888 1785 inquiens:
927 1700 993 1765 Hic
1028 1701 1184 1784 puerulus
1213 1719 1321 1785 usque
1350 1702 1387 1766 in

216 1816 403 1872 extremam
419 1807 590 1891 longaevus
605 1807 693 1871 vivet
709 1816 842 1871 aetatem
858 1829 866 1886 ;
888 1806 921 1870 in
937 1804 1033 1870 annis
1051 1803 1253 1889 juvenilibus
1266 1825 1387 1871 carna-

216 1910 302 1977 libus
317 1911 487 1976 desideriis
502 1911 582 1975 satis
597 1911 783 1989 serviturus,
798 1919 832 1974 et
846 1909 1003 1992 deinceps
1019 1907 1216 1975 Christianae
1231 1909 1386 1992 usquein

216 2014 346 2079 exitum
363 2015 489 2079 militiae
512 2014 760 2097 mancipandus,
776 2013 810 2076 in
832 2013 922 2077 bona
945 2021 1114 2078 senectute
1128 2012 1172 2077 ad
1195 2012 1385 2079 Dominum

216 2118 399 2203 emigrabit
456 2117 542 2202 Quae
565 2119 678 2183 omnia
703 2119 812 2183 eidem
835 2118 907 2182 viro
924 2118 1026 2202 juxta
1041 2117 1156 2184 Sancti
1171 2117 1388 2201 contigerunt

215 2222 416 2287 vaticinium.
464 2223 530 2287 Hic
545 2232 616 2286 erat
632 2223 791 2307 Lugucen
815 2221 946 2288 Calath¹
969 2223 1063 2307 cujus
1083 2230 1238 2307 parentes
1252 2221 1388 2289 fuerant

216 2327 250 2390 in
274 2326 418 2392 Artdaib
441 2326 627 2405 Muirchol,²
649 2326 705 2393 ubi
728 2327 893 2411 hodieque
915 2326 1100 2407 fonticulus,
1119 2328 1225 2393 sancti
1247 2328 1388 2396 nomine

217 2428 389 2495 Columbae
404 2429 541 2513 pollens,
557 2430 707 2495 cernitur.

643 2835 847 2904 CAPUT
885 2836 958 2902 XI.

216 3045 268 3110 De
289 3044 358 3110 alia
380 3044 527 3129 maligna
551 3045 686 3110 untana
708 3065 794 3128 aqua
818 3065 915 3127 quam
941 3045 1002 3110 Vir
1017 3044 1140 3110 Beatus
1160 3043 1196 3110 in
1214 3044 1388 3114 Pictorum

641 3151 767 3233 regione
789 3150 954 3214 benedixit.

216 3339 315 3403 ALIO
339 3339 372 3401 in
397 3347 555 3420 tempore,
570 3338 619 3402 vir
642 3338 768 3416 beatus,
792 3359 867 3402 cum
892 3339 924 3402 in
950 3339 1117 3403 Pictorum
1141 3339 1310 3423 provincia
1326 3361 1388 3424 per

215 3445 342 3526 aliquot
356 3443 581 3507 demoraretur
603 3444 683 3519 dies,
698 3444 836 3507 audiens
859 3444 892 3507 in
909 3443 1005 3526 plebe
1020 3444 1135 3526 gentili
1151 3444 1193 3507 de
1208 3444 1275 3508 alio
1291 3443 1387 3509 sonte

216 3547 379 3630 divulgari
402 3545 533 3622 samam,
556 3567 655 3629 quem
679 3548 774 3629 quasi
800 3549 899 3611 deum
924 3548 1036 3612 stolidi
1062 3547 1221 3625 homines,
1248 3548 1387 3614 diabolo

215 3672 329 3715 eorum
341 3651 532 3714 obcaecante
544 3671 667 3727 sensus,
678 3652 935 3731 venerabantur;
948 3673 1025 3716 nam
1038 3653 1080 3716 de
1092 3652 1209 3715 eodem
1223 3651 1387 3717 fonticulo

215 3755 375 3829 bibentes,
401 3763 460 3818 aut
486 3756 518 3818 in
546 3775 586 3818 eo
614 3775 731 3819 manus
757 3756 808 3820 vel
837 3759 939 3839 pedes
965 3758 1007 3820 de
1034 3758 1196 3822 industria
1225 3757 1386 3836 lavantes,

216 3859 430 3936 daemoniaca,
460 3859 534 3922 Deo
561 3859 782 3941 permittente,
809 3862 953 3942 percussi
980 3871 1059 3938 arte,
1086 3870 1143 3926 aut
1170 3861 1299 3943 leprosi,
1324 3872 1386 3927 aut

217 3965 306 4040 lusci,
319 3974 377 4028 aut
392 3965 491 4028 etiam
508 3963 642 4041 debiles,
654 3975 711 4028 aut
727 3965 977 4047 quibuscunque
990 3966 1061 4028 aliis
1074 3965 1218 4029 intestati
1232 3964 1385 4031 infirmit·

217 4067 325 4130 atibus
341 4066 594 4129 revertebantur.
641 4066 696 4130 Ob
712 4087 786 4148 quae
803 4068 914 4130 omnia
931 4068 1057 4131 seducti
1077 4067 1217 4151 gentiles
1232 4067 1384 4134 divinum

217 4172 299 4236 sonti
315 4171 506 4235 deserebant
523 4171 689 4234 honorem.
736 4169 867 4253 Quibus
888 4171 1074 4253 compertis,
1091 4170 1233 4237 Sanctus
1248 4170 1313 4236 alia
1329 4173 1386 4238 die

250 4441 302 4490 ¹B.
318 4441 386 4490 Cott.
422 4441 632 4505 Lugucen-calad,
648 4443 753 4494 Reeves.
789 4443 1008 4511 LuguCenealad,
1023 4443 1095 4513 Colg.
1110 4444 1160 4495 and
1172 4443 1238 4497 Boll.

249 4539 483 4607 ’srdaibmuitcob
497 4540 527 4592 B.
563 4541 630 4593 Cott
