3226 5520
272 468 311 549 58
785 468 933 534 VITA

271 681 392 738 nostrae
415 673 552 753 insulae,¹
567 673 656 738 solus
679 675 771 738 exire
787 674 893 756 cupio,
917 693 1016 736 nemo
1031 693 1075 737 ex
1096 671 1190 736 vobis
1205 692 1259 737 me
1274 681 1436 757 sequatur.

270 778 401 862 Quibus
436 778 748 856 obsecundantibus,
774 779 864 842 solus
899 778 1034 861 quidem
1061 785 1098 842 ut
1131 777 1236 842 voluit
1261 779 1437 862 egreditur,

269 881 327 945 sed
375 880 474 945 irater
517 882 653 966 quidam
700 881 838 945 callidus
883 880 1075 965 explorator
1114 880 1179 945 alia
1223 900 1337 946 means
1384 883 1438 946 via

269 984 459 1051 occultabat
482 1006 517 1050 se
539 987 573 1050 in
608 987 731 1050 montis
763 986 886 1050 vertice
920 984 1095 1068 explorare
1128 985 1265 1068 cupiens
1286 986 1377 1070 quod
1404 995 1438 1051 et

269 1088 354 1154 vidit
368 1109 435 1152 non
451 1089 522 1153 sine
537 1089 699 1174 permissu
717 1089 781 1154 Dei
798 1089 960 1155 Sanctum
976 1109 1073 1152 suum
1090 1088 1301 1154 mirificantis
1349 1090 1437 1155 Nam

271 1193 304 1255 in
332 1203 445 1257 monte
471 1204 616 1258 stantem
641 1204 674 1258 et
701 1194 859 1277 expansis
886 1195 928 1257 ad
957 1193 1078 1257 coelum
1102 1194 1255 1258 manibus
1277 1203 1437 1274 orantem,

269 1297 449 1380 oculosque
476 1298 509 1361 in
536 1298 640 1362 altum
668 1298 853 1362 elevantem
879 1298 985 1362 vidit:
1017 1297 1137 1362 mirum
1165 1298 1274 1364 dictul
1306 1308 1340 1364 et
1361 1319 1438 1364 ecce

269 1401 381 1467 subito
417 1422 468 1465 res
502 1403 653 1466 miranda
678 1401 839 1485 apparuit
897 1402 1051 1485 Denique
1077 1402 1182 1467 sancti
1215 1402 1324 1486 angeli
1355 1403 1438 1468 mira

269 1504 465 1570 advolantes
491 1506 702 1583 subitatione,
729 1515 881 1570 sanctum
907 1506 1014 1569 virum
1045 1515 1196 1569 orantem
1226 1507 1437 1571 circumstare

270 1617 442 1693 coeperunt
479 1609 600 1674 albatis
630 1609 737 1674 induti
768 1610 923 1688 vestibus,
953 1618 988 1673 et
1018 1610 1194 1674 miscentes
1224 1630 1299 1674 cum
1339 1611 1438 1675 beato

269 1709 444 1796 colloquia,
460 1713 554 1797 quasi
570 1714 803 1798 explorantem
819 1715 1008 1793 sentientes,
1020 1716 1062 1780 ad
1079 1735 1210 1779 summa
1225 1715 1438 1798 repedabant

270 1818 393 1881 Beatus
408 1828 442 1882 et
458 1819 527 1902 ipse
551 1829 628 1901 post
644 1819 831 1902 angelicum
855 1820 1046 1883 condictum
1072 1818 1273 1883 monasterio
1288 1840 1323 1883 se
1339 1820 1441 1884 tradi·

269 1920 328 1999 dit,
375 1930 409 1984 et
453 1921 599 1985 collectis
639 1921 793 1985 iratribus
843 1923 1112 2005 transgressionis
1149 1921 1334 1986 obnoxium
1372 1942 1439 1987 non

270 2023 427 2087 mediocri
473 2025 704 2108 objurgatione
741 2026 901 2108 quaesivit.
971 2026 1032 2090 llle
1069 2046 1149 2110 ergo
1189 2027 1340 2090 conscius
1376 2027 1440 2092 sibi

270 2127 505 2191 inexcusabilis
521 2137 742 2211 transgressor
758 2150 849 2193 reum
863 2150 898 2193 se
921 2129 1107 2209 confitetur,
1129 2130 1326 2214 veniamque
1343 2130 1440 2195 flexis

270 2232 410 2315 genibus
426 2242 599 2314 precatur:
622 2252 721 2315 quern
736 2233 879 2298 Sanctus
891 2253 1039 2297 seorsum
1053 2236 1187 2311 ducens,
1201 2234 1439 2318 ingeniculanti

271 2355 346 2399 cum
378 2336 495 2418 grandi
526 2338 740 2401 commendat
770 2338 1039 2416 comminatione,
1069 2358 1110 2402 ne
1140 2339 1192 2402 cui
1224 2339 1256 2402 in
1281 2339 1351 2402 vita
1381 2360 1441 2404 sua

272 2438 445 2503 hominum
473 2439 563 2504 dicat
588 2441 677 2523 quod
701 2442 792 2506 vidit
849 2442 962 2506 Paruit
995 2443 1127 2507 interim
1151 2442 1260 2520 irater,
1282 2444 1341 2508 sed
1364 2453 1441 2527 post

272 2542 400 2607 obitum
424 2541 495 2625 ejus
518 2542 673 2608 fratribus
696 2565 772 2629 quae
795 2545 935 2624 viderat,
960 2566 1035 2610 cum
1061 2547 1179 2630 grandi
1201 2548 1441 2629 protestatione

271 2645 444 2711 intimavit
491 2645 601 2711 Locus
616 2657 728 2712 autem
745 2648 831 2712 illius
852 2649 1011 2733 angelicae
1027 2649 1245 2714 condictionis
1261 2649 1441 2716 Colliculus

273 2749 495 2835 Angelorum²
509 2771 614 2836 usque
629 2752 728 2817 hodie
743 2751 870 2818 dicitur.

683 3197 889 3264 CAPUT
922 3197 1030 3264 XII.

516 3386 636 3471 Igneus
644 3387 760 3472 globus
773 3388 918 3452 ascendit
932 3388 971 3451 de
984 3388 1085 3470 capite
1097 3389 1188 3472 ejus.³

276 3558 374 3626 ALIO
415 3581 547 3644 quoque
593 3570 743 3645 ternpore
791 3570 935 3644 quatuor
975 3561 1090 3625 fratres
1136 3561 1290 3625 visitandi
1336 3561 1443 3644 gratia

275 3677 426 3729 sanctum
445 3664 643 3731 Columbam
667 3667 791 3729 adeunt
815 3667 857 3728 de
881 3664 994 3731 Scotia
1017 3666 1050 3728 in
1070 3665 1209 3747 Hymba
1230 3685 1443 3729 commanen-

276 3780 346 3836 tem
364 3772 492 3836 insula:
515 3774 571 3856 qui
593 3793 660 3836 uno
675 3775 860 3856 eodemque
883 3793 1045 3837 consensu
1070 3773 1230 3838 Sanctum
1252 3794 1344 3836 sacra
1360 3774 1443 3837 ccle-

276 3875 370 3939 brare
398 3877 555 3958 mysteria
582 3876 724 3939 invitant
750 3875 924 3958 precibus:
947 3875 1036 3958 quod
1060 3887 1094 3939 et
1117 3875 1194 3940 lecit
1216 3878 1362 3959 quadam
1389 3878 1445 3940 die

278 3979 463 4044 Dominica
531 3980 598 4045 Sed
630 3980 675 4042 illi
713 3990 789 4062 post
822 3980 994 4061 Evangelii
1026 3980 1252 4043 recitationem
1291 3981 1446 4043 viderunt

276 4086 456 4167 quemdam
488 4085 621 4167 igneum
652 4084 788 4167 globum
820 4094 854 4147 et
884 4084 980 4147 valde
1011 4084 1221 4162 luminosum,
1250 4086 1293 4148 de
1323 4084 1445 4149 vertice

310 4334 318 4360 ¹
335 4320 444 4383 Hyonae,
458 4335 524 4369 nunc
537 4318 671 4369 Icolmlrill.

308 4404 404 4453 aCnoc
421 4401 511 4465 Angel.
551 4402 598 4452 See
616 4401 726 4451 Adamn.
746 4399 921 4460 111.,162nd
940 4408 1005 4451 nota
1041 4400 1065 4450 A
1086 4400 1157 4466 place
1174 4400 1200 4451 in
1217 4400 1303 4451 erer
1323 4399 1344 4450 is
1363 4399 1446 4450 called

274 4483 350 4533 Mons
360 4484 523 4548 Angelorum.
562 4484 634 4543 Rees,
651 4483 750 4534 Cambr.
764 4483 833 4533 Brit.
848 4483 906 4542 SS.,
920 4498 962 4548 pp.
980 4495 1017 4545 10,
1031 4491 1088 4547 295.

305 4565 439 4619 aAdrmu
455 4565 507 4617 111.
524 4575 562 4630 ¹7·
