3226 5520
226 460 287 526 126
512 458 661 527 VITA
701 460 1004 527 ii.-LIBER
1046 456 1110 528 ΙΙ.

223 672 270 729 De
286 670 419 727 Luunso
435 670 604 742 Mocuiuu,
620 688 710 745 quem
726 670 851 729 Sanctus
873 670 912 729 de
932 668 1079 746 profluvio
1093 668 1279 748 sanguinis,
1296 668 1353 749 qui
1364 688 1420 731 cre

302 766 356 827 bro
370 786 406 826 ex
420 765 539 826 naribus
549 768 614 843 ejus
629 767 802 844 profluebat,
814 766 948 827 oratione
959 777 989 827 et
1001 764 1180 845 digitorum
1191 778 1284 829 tuctu
1295 766 1417 829 sanavit.

223 867 271 925 De
284 883 373 925 esoce
387 884 495 943 magno
510 863 539 924 in
555 867 654 938 fluvio,
668 868 751 942 juxta
763 865 886 926 verbum
901 865 1010 938 Sancti,
1025 864 1186 927 invento.³

222 965 270 1024 De
283 963 401 1024 duobus
423 963 560 1041 piscibus,
582 964 633 1025 illo
653 964 857 1043 prophetante,
880 964 911 1023 in
931 961 1054 1025 flumine
1075 962 1171 1042 quod
1193 974 1331 1027 vouattu
1353 966 1417 1027 Boo

301 1060 432 1139 repertis.

222 1163 269 1220 De
283 1161 416 1238 quodam
431 1158 550 1236 plebeio
564 1158 616 1238 qui
630 1161 660 1220 N
663 1175 783 1221 marius
796 1177 903 1221 curvus
917 1157 1080 1220 dicebatur.

222 1259 270 1318 De
283 1259 415 1336 quodam
430 1257 522 1319 divite
536 1256 733 1332 tenacissimo,
748 1255 871 1318 nomine
885 1258 1037 1320 Ururtrto.⁴

222 1359 270 1418 De
284 1357 486 1418 Couunsxuo
500 1375 586 1434 aeque
600 1355 718 1435 plebeio
731 1357 802 1430 viro,
818 1357 903 1433 cujus
923 1373 1032 1434 pecora
1051 1354 1230 1417 admodum
1250 1376 1358 1437 pauca
1370 1357 1414 1419 vir

301 1466 420 1516 sanctus
438 1454 590 1517 benedixit
600 1477 609 1530 ς
629 1454 691 1528 sed,
707 1464 775 1532 post
789 1453 867 1515 illius
887 1452 1129 1516 benedictionem
1147 1472 1254 1533 usque
1277 1456 1323 1518 ad
1344 1474 1414 1521 oen·

301 1552 446 1614 tenarium
461 1564 616 1614 creverunt
631 1570 797 1613 numerum.

222 1652 271 1713 De
284 1649 402 1712 interitu
417 1654 580 1729 Jouxums
594 1650 644 1711 tilii
659 1653 829 1725 CONALLIS,
841 1650 946 1712 eadem
958 1648 1078 1728 dieque
1090 1650 1244 1713 Sanctum
1256 1670 1410 1733 spernens

301 1750 504 1813 dehonoravit

222 1850 271 1909 De
284 1850 409 1927 alicujus
424 1851 613 1909 Fumnxcur
627 1859 730 1924 morte,
746 1845 923 1910 fraudulenti
937 1845 999 1922 viri,
1014 1865 1032 1907 a
1046 1848 1157 1909 Sancto
1179 1849 1406 1925 praenunciata

222 1949 270 2008 De
284 1946 343 2008 alio
357 1960 553 2026 persecutore,
568 1949 654 2024 cujus
668 1966 779 2009 nomen
794 1946 885 2009 latine
899 1949 1019 2008 Mettus
1034 1946 1173 2007 Drxm
1188 1947 1316 2011 dicitur.

222 2047 269 2107 De
283 2044 341 2106 alio
355 2044 559 2106 innocentium
574 2056 769 2122 persecutore,
784 2044 838 2124 qui
857 2044 889 2105 in
908 2042 1120 2123 laginensium
1138 2044 1311 2121 provincia,
1328 2044 1408 2109 sinu

301 2146 473 2205 Auuxurxs
493 2162 594 2204 coram
616 2144 732 2218 Panno,
748 2144 856 2204 eodem
876 2152 1073 2217 momentus
1092 2142 1206 2203 Sancto
1228 2142 1408 2207 terribiliter

301 2242 481 2320 objurgatus,
497 2241 605 2302 cecidit
620 2253 762 2302 mortuus.

222 2343 269 2402 De
283 2340 347 2417 apri
361 2339 597 2411 mortificatione,
618 2339 671 2419 qui
691 2360 709 2400 a
729 2343 840 2402 Sancto
860 2337 977 2402 eminus
989 2336 1107 2413 cecidit,
1122 2336 1211 2417 signo
1230 2351 1407 2419 prostratus

303 2437 471 2500 Dominicae
485 2440 588 2499 crucis.

221 2540 270 2598 De
283 2539 340 2597 alia
353 2536 474 2615 aquatili
486 2537 587 2609 bestia,
600 2556 676 2614 quae,
688 2555 725 2597 eo
736 2548 847 2611 orante,
860 2547 890 2598 et
899 2553 1021 2596 manum
1031 2553 1049 2597 e
1059 2544 1163 2596 contra
1172 2535 1308 2612 levante,
1320 2548 1406 2601 retro

300 2635 417 2712 repulsa
432 2646 475 2694 est
490 2653 528 2695 ne
544 2636 680 2695 Luouno
694 2633 806 2694 natanti
820 2632 919 2694 vicino
934 2642 1061 2695 noceret

222 2735 270 2793 De
285 2731 390 2794 insulae
412 2734 496 2794 Ionae
510 2731 647 2810 viperinis
671 2732 865 2811 serpentibus,
881 2731 941 2810 qui,
963 2750 1000 2793 ex
1020 2728 1150 2809 quadie
1170 2731 1305 2793 Sanctus
1331 2752 1405 2797 eum

301 2830 461 2906 benedixit,
478 2831 551 2891 nulli
565 2831 720 2892 hominum
735 2851 792 2892 nec
805 2830 895 2892 etiam
910 2829 1066 2909 pecoribus
1080 2847 1189 2891 nocem
1201 2840 1344 2907 potuere.

221 2933 269 2992 De
283 2931 368 2992 hasta
388 2931 427 2992 ab
448 2949 485 2992 eo
506 2932 627 3010 signata,
643 2949 712 3008 quae
725 2930 867 3008 deinceps
886 2930 969 2991 nullo
983 2927 1083 3003 modo,
1099 2925 1267 3007 quamlibet
1281 2930 1404 2993 fortiter

301 3029 436 3108 impulsa,
451 3029 539 3089 alicui
555 3028 650 3107 potuit
665 3047 773 3089 nocere
787 3027 939 3090 animanti.

221 3130 269 3188 De
284 3130 441 3189 D10nu1r1
457 3127 624 3206 aegrotantis
638 3126 771 3188 sanitate.

221 3228 269 3286 De
284 3228 428 3285 Fusium
443 3225 494 3284 filii
509 3227 602 3298 Amo,
619 3224 649 3284 in
664 3227 800 3285 extremis
815 3224 911 3303 positi,
927 3226 1059 3285 sanitate.

220 3325 268 3384 De
288 3343 380 3401 puero
402 3344 492 3402 quem
514 3336 673 3397 mortuum,
696 3325 726 3384 in
748 3323 870 3385 nomine
892 3327 1018 3385 Domui
1039 3325 1118 3401 Jusu
1137 3322 1286 3398 Cunrsur,
1302 3323 1335 3385 in
1353 3344 1399 3387 re

299 3420 388 3499 gione
402 3421 562 3495 Pictorum,
578 3420 736 3482 suscitavit.

219 3520 267 3579 De
295 3518 435 3579 conflictu
464 3519 527 3597 ejus
555 3530 658 3579 contra
686 3538 806 3597 magum
834 3522 1065 3592 Bnorcuxuuu,
1090 3518 1130 3580 ob
1155 3516 1273 3581 ancittae
1297 3532 1397 3583 reten-

297 3616 429 3692 tionem3
450 3628 479 3678 et
500 3619 539 3679 de
560 3619 659 3695 lapide
673 3637 764 3696 quem
782 3620 909 3680 Sanctus
924 3616 1084 3695 benedixit,
1099 3618 1150 3695 qui
1164 3616 1197 3676 in
1210 3636 1293 3697 aqua
1306 3620 1396 3698 quasi

297 3735 421 3794 pomum
437 3716 645 3793 supernatavit.

218 3815 267 3876 De
282 3815 359 3876 beati
373 3813 427 3875 viri
440 3825 544 3875 contra
559 3817 779 3877 Bnorcnxuuu
793 3833 914 3895 magum
938 3815 1156 3895 refragratione,
1179 3825 1209 3876 et
1223 3815 1307 3878 venti
1322 3836 1394 3879 oon-

297 3912 453 3975 trarietate.

216 4012 265 4074 De
278 4024 443 4091 spontanea
456 4009 544 4090 regia
558 4008 731 4072 munitionis
746 4023 838 4090 portae
852 4010 951 4074 subita
964 4013 1126 4090 apertione.

217 4112 265 4172 De
279 4112 414 4173 ecclesiae
428 4111 565 4171 Duorum
578 4109 650 4188 Agri
666 4111 811 4171 Rivorum
825 4110 913 4171 simili
928 4109 1101 4173 reclusione.

249 4460 260 4496 a
273 4445 336 4496 This
346 4445 397 4495 and
408 4444 450 4495 the
462 4442 592 4509 following
604 4444 707 4510 chapter
718 4443 782 4495 form
795 4446 858 4511 Cap.
874 4457 904 4508 19
914 4444 944 4495 of
951 4446 984 4495 Α.

248 4559 261 4596 4
274 4545 327 4595 Not
338 4544 365 4594 in
376 4546 408 4595 Α.
