3226 5520
259 459 304 524 60
772 455 918 522 VITA

261 664 420 747 quamdiu
450 662 514 729 hoc
540 663 703 741 habueris,
727 683 794 727 non
822 663 927 727 deerit
953 660 1067 726 domui
1092 669 1160 726 tuae
1186 661 1324 727 omnino
1350 681 1427 726 caro

259 769 398 834 cervina
444 766 522 852 Quo
537 769 653 833 audito
677 768 848 832 mendicus
864 769 960 832 laetus
975 769 1112 833 domum
1134 768 1327 834 revertitur:
1348 788 1427 833 veru

259 893 392 957 quoque
414 873 448 936 in
471 873 606 937 remotis
629 883 725 937 terrae
748 871 859 937 infixit
881 871 970 950 locis,
985 891 1060 955 quae
1078 872 1244 937 silvestres
1266 872 1344 937 ferae
1365 871 1427 937 sre-

260 976 476 1061 quentabant,
510 986 543 1041 et
570 977 678 1042 vicina
719 987 817 1042 nocte
846 985 1014 1042 transacta
1044 996 1142 1041 mane
1182 977 1291 1061 primo
1320 978 1429 1062 pergit

259 1082 430 1147 visitatum
446 1101 524 1145 veru
547 1081 579 1144 in
603 1102 671 1164 quo
685 1102 818 1147 cervum
834 1080 1033 1147 transfixum
1058 1081 1192 1146 invenit
1237 1080 1329 1163 Quid
1345 1081 1428 1147 mul·

262 1185 329 1250 tis?
376 1184 477 1249 Nulla
493 1185 668 1250 transierat
681 1186 761 1263 dies,
773 1185 853 1268 quin
869 1206 1012 1264 cervum,
1027 1195 1086 1250 aut
1100 1205 1242 1264 cervam,
1256 1196 1314 1251 aut
1329 1187 1428 1251 aliam

260 1287 401 1353 bestiam
431 1309 509 1352 veru
535 1298 675 1372 caperet
729 1289 818 1353 Tota
842 1289 967 1372 quippe
1000 1289 1121 1354 domus
1151 1289 1223 1372 ejus
1249 1289 1292 1353 de
1318 1288 1429 1355 ferinis

260 1392 414 1456 carnibus
439 1391 642 1457 abundabat
689 1392 757 1459 Sed
780 1392 872 1457 fatua
894 1393 966 1476 ejus
989 1393 1107 1460 mulier
1127 1412 1286 1477 persuasu
1304 1393 1430 1458 diaboli

260 1516 400 1581 pervasa
431 1496 551 1561 marito
574 1496 620 1560 sic
643 1497 689 1562 ait
712 1506 788 1581 post
811 1517 877 1561 non
901 1497 1025 1562 multos
1047 1498 1137 1563 dies:
1167 1496 1264 1562 Tolle
1285 1517 1366 1580 ergo
1387 1497 1430 1562 de

260 1610 349 1666 terra
360 1620 449 1679 veru,
469 1601 593 1684 poterit
607 1601 696 1666 enim
712 1602 877 1686 quispiam
901 1600 1074 1667 hominum
1098 1610 1157 1667 aut
1170 1601 1430 1667 domesticorum

262 1725 428 1790 pecorum,
453 1706 651 1789 strangulari
674 1707 707 1770 in
730 1726 780 1784 eo,
802 1716 836 1770 et
858 1726 922 1790 ego
944 1714 978 1771 et
1000 1716 1047 1785 tu,
1069 1726 1145 1772 cum
1168 1705 1280 1770 liberis
1302 1707 1432 1785 nostris,

261 1809 384 1894 captivi
412 1809 579 1887 ducemur,
605 1818 664 1874 aut
689 1810 839 1875 servituti
864 1808 1083 1893 subjiciemur.
1139 1809 1217 1873 Non
1242 1809 1298 1888 ita,
1324 1809 1433 1893 inquit

262 1912 409 1990 maritus,
434 1910 491 1976 fiet
504 1934 512 1992 ;
547 1931 624 1975 nam
654 1921 789 1978 sanctus
820 1913 884 1977 Dei
915 1912 978 1977 hoc
1008 1913 1240 1978 interminatus
1269 1921 1320 1978 est
1350 1913 1432 1979 nulli

261 2015 434 2080 hominum
466 2036 528 2080 nec
552 2017 662 2100 pecori
690 2017 885 2082 nociturum.
939 2018 1069 2082 Tamen
1097 2017 1308 2084 consentiens
1334 2018 1432 2082 uxori

261 2119 338 2183 tulit
353 2138 430 2182 veru
448 2118 490 2182 de
506 2128 592 2183 terra
619 2129 652 2184 et
669 2120 755 2184 intra
771 2119 908 2184 domum
933 2119 1005 2203 ejus
1020 2140 1114 2184 secus
1136 2120 1297 2203 parietem
1313 2119 1433 2203 posuit,

262 2223 296 2287 in
320 2242 388 2306 quo
410 2243 492 2286 mox
515 2223 717 2289 domesticus
733 2225 804 2308 ejus
819 2226 910 2289 canis
926 2225 1074 2290 incidens
1097 2225 1201 2309 periit
1248 2223 1326 2309 Quo
1341 2245 1434 2309 pere·

263 2336 343 2391 unte
365 2346 476 2390 rursus
496 2328 544 2392 ait
559 2329 697 2393 marita:
725 2327 832 2406 Unus,
855 2330 910 2406 ait,
933 2327 1074 2392 filiorum
1100 2338 1232 2393 tuorum
1254 2329 1377 2392 incidet
1399 2329 1433 2392 in

263 2432 389 2508 sudem,
415 2441 450 2495 et
479 2431 606 2515 peribit
664 2433 803 2516 Propter
832 2435 922 2516 quod
954 2433 1092 2496 maritus
1120 2452 1209 2510 veru,
1235 2434 1278 2496 de
1307 2432 1434 2516 pariete

262 2555 436 2599 removens
467 2535 510 2599 ad
537 2535 655 2600 silvam
682 2545 830 2619 reportat
856 2545 889 2600 et
921 2535 955 2599 in
983 2535 1094 2599 densis
1122 2534 1233 2599 infixit
1263 2535 1375 2599 dumis
1397 2545 1435 2600 ut

265 2639 392 2702 nullum
423 2638 566 2704 laederet
627 2639 694 2705 Sed
725 2647 859 2724 postera
887 2638 942 2703 die
972 2659 1120 2704 reversus
1146 2659 1299 2722 capream
1330 2638 1364 2702 in
1391 2659 1432 2702 eo

265 2745 423 2808 cecidisse
447 2745 574 2827 reperit
622 2743 705 2807 Inde
728 2763 860 2826 quoque
883 2742 964 2807 illud
989 2761 1162 2807 removens
1184 2742 1247 2807 sub
1261 2741 1356 2825 aquis
1378 2740 1435 2806 ab·

264 2849 395 2912 scondit
411 2857 444 2913 et
460 2846 578 2912 infixit.
622 2847 723 2931 Quod
739 2848 805 2911 alia
820 2848 964 2911 revisens
980 2847 1034 2913 die
1049 2866 1180 2911 esocem
1197 2847 1230 2911 in
1246 2867 1286 2911 eo
1301 2846 1436 2925 invenit,

262 2961 428 3019 retentum
457 2953 628 3036 ingentem
663 2973 762 3036 quem
789 2953 849 3017 vix
879 2952 969 3015 solus
999 2961 1131 3034 portare
1161 2951 1277 3035 potuit
1337 2951 1435 3015 Tunc

266 3058 367 3122 etiam
383 3078 462 3122 veru
483 3078 583 3142 supra
607 3067 732 3122 tectum
756 3056 867 3120 infixit
889 3056 922 3120 in
946 3076 1013 3139 quo
1035 3075 1152 3120 corvus
1174 3055 1335 3119 advolans
1357 3075 1434 3119 casu

263 3159 437 3244 jugulatus
460 3170 517 3226 est
564 3161 641 3244 Quo
664 3160 752 3224 iacto
775 3160 946 3224 mendicus
966 3159 1037 3242 jam
1061 3159 1154 3222 dives
1177 3158 1283 3224 iactus
1307 3166 1341 3223 et
1359 3179 1435 3222 con·

263 3265 354 3348 jugis
378 3265 515 3328 consilio
538 3265 746 3347 depravatus,
762 3284 839 3327 veru
864 3264 906 3326 de
929 3271 1018 3326 tecto
1042 3263 1171 3341 tollens,
1186 3271 1318 3344 arrepta
1332 3263 1436 3325 securi

267 3368 300 3431 in
317 3368 427 3451 plures
443 3368 621 3452 particulas
636 3368 782 3432 concidit
806 3367 940 3451 ignique
955 3367 1102 3445 tradidit,
1122 3377 1157 3432 et
1174 3368 1288 3433 statim
1312 3386 1438 3450 pauper

268 3470 374 3535 iactus
390 3480 448 3536 est

685 3790 891 3858 CAPUT
927 3790 1025 3856 XV.

511 3964 553 4029 In
568 3963 694 4029 ccclesia
708 3962 822 4026 celesti
834 3962 902 4026 lucc
915 3960 1210 4043 cr'rcumsrma'itur.¹

270 4122 440 4208 QUADAM
463 4139 596 4204 quoque
618 4117 752 4182 hiemali
775 4125 874 4180 nocte
907 4127 1041 4180 sanctus
1066 4116 1234 4179 Fernaus²
1257 4113 1441 4192 ecclesiam,

302 4324 645 4469 :ilddteldiiirdd'Hyensin
663 4403 733 4454 An).
754 4401 809 4467 598,
828 4413 853 4452 et
870 4402 943 4452 aliter
959 4402 1085 4467 Virgnous
1101 4400 1200 4461 dictus;
1217 4415 1276 4450 nam
1293 4400 1316 4448 V
1333 4405 1359 4449 et
1376 4398 1398 4447 F
1414 4396 1441 4447 in

268 4490 354 4555 lingua
371 4489 468 4541 Celtica
478 4486 852 4539 commutantur.-Pinkmon.
889 4485 920 4535 In
937 4483 980 4535 the
997 4484 1102 4535 Munich
1119 4484 1175 4535 MS.
1190 4482 1220 4533 oi
1232 4482 1367 4532 Ademnnn
1379 4480 1437 4540 (Dr.

270 4573 373 4626 Reevcs'
386 4572 428 4633 F.)
441 4571 566 4637 virgnous
577 4584 664 4621 occurs
674 4567 772 4619 instead
784 4569 902 4619 Femaus.
938 4567 995 4618 The
1007 4566 1102 4618 Beliort
1118 4567 1176 4617 Vita
1187 4565 1259 4618 reads
1273 4565 1405 4617 Serranus.
