3226 5520
593 496 905 569 COLUMBAE.
1271 510 1327 575 14¹

167 718 217 773 ter
232 706 366 773 turbato
380 728 467 785 vase,
482 706 637 771 velociter
658 726 733 771 cum
760 706 854 769 lactis
878 701 1037 767 effusione
1060 701 1197 784 aufugit
1254 699 1331 764 Huc

168 831 248 894 ergo
263 812 305 876 ad
322 831 376 875 me
392 810 543 894 proprius
558 809 739 888 vasculum,
753 818 791 874 ut
806 807 886 873 illud
902 805 1109 884 benedicam,
1125 805 1330 889 approxima

169 917 247 1002 Quo
263 915 359 994 Iacto,
375 914 520 980 Sanctus
537 916 771 993 semivacuum,
787 913 876 997 quod
900 912 1118 976 benedixerat
1132 931 1198 988 vas,
1213 909 1332 973 eodem

170 1027 340 1084 momento
363 1020 521 1084 divinitus
544 1019 706 1104 repletum
729 1028 895 1102 repertum
918 1025 991 1096 est;
1018 1034 1222 1101 parvumque
1241 1013 1332 1099 quod

169 1123 259 1207 prius
289 1124 322 1186 in
352 1121 457 1187 fundo
486 1122 573 1186 vasis
603 1131 814 1201 remanserat,
840 1121 902 1187 sub
932 1130 1056 1186 sanctae
1087 1139 1204 1185 manus
1233 1118 1332 1183 bene·

169 1227 323 1307 dictione,
338 1246 442 1312 usque
457 1227 500 1292 ad
516 1246 682 1292 summam
698 1227 795 1292 citius
809 1235 1009 1292 excreverat

559 1647 761 1716 CAPUT
800 1647 945 1712 XVII.

192 1840 244 1906 De
266 1838 393 1905 carnelo
414 1837 502 1922 quod
518 1838 653 1922 quidam
675 1838 845 1919 maleficus
866 1836 993 1900 nominc
1008 1835 1169 1901 silnanus
1182 1834 1262 1900 lacte
1275 1835 1314 1900 de

463 1944 604 2008 marmio
618 1943 693 2008 bove
706 1953 848 2026 expresso
863 1942 1043 2025 repleverat.

173 2130 256 2196 Hoc
272 2129 305 2195 in
320 2129 423 2194 domo
438 2129 576 2213 alicujus
592 2129 712 2213 plebeii
728 2128 847 2205 divitis,
862 2128 919 2211 qui
936 2128 969 2192 in
987 2136 1100 2193 monte
1116 2127 1232 2194 Cainle
1246 2149 1336 2193 com·

173 2233 371 2312 morabatur,
402 2233 580 2318 Foirtgimi
619 2233 762 2311 nomine,
791 2231 916 2297 factum
946 2233 1094 2298 traditur.
1162 2232 1230 2299 Ubi
1260 2253 1337 2299 cum

173 2337 317 2405 Sanctus
353 2337 584 2422 hospitaretur,
621 2338 706 2402 Inter
749 2339 932 2402 rusticanos
969 2338 1209 2402 contendentes
1245 2339 1338 2417 duos,

171 2463 313 2528 quorum
335 2443 426 2527 prius
450 2443 631 2507 adventum
647 2442 821 2526 praescivit,
836 2453 926 2507 recta
945 2441 1151 2526 judicatione
1168 2441 1337 2526 judicavit

174 2547 337 2631 Unusque
354 2567 400 2611 ex
423 2546 479 2626 eis,
494 2547 551 2631 qui
574 2545 743 2612 maleficus
765 2556 844 2626 erat,
866 2566 887 2611 a
910 2546 1036 2614 Sancto
1054 2545 1175 2630 jussus,
1190 2547 1233 2611 de
1254 2546 1340 2611 bove

173 2651 330 2731 masculo,
344 2651 401 2736 qui
417 2672 521 2736 prope
543 2661 622 2730 erat,
646 2651 697 2716 Iac
723 2661 794 2716 arte
819 2650 984 2716 diabolica
1010 2651 1182 2734 expressit
1238 2650 1339 2736 Quod

174 2755 327 2833 Sanctus,
352 2774 420 2819 non
446 2762 484 2820 ut
509 2754 567 2819 illa
592 2754 803 2820 confirmaret
832 2754 1002 2833 maleficia,
1027 2754 1096 2819 fieri
1119 2755 1227 2839 jussit,
1248 2755 1339 2839 quod

173 2858 283 2939 absit,
305 2859 362 2923 sed
389 2866 428 2923 ut
449 2878 489 2924 ea
515 2878 627 2923 coram
655 2860 868 2926 multitudine
894 2861 1085 2925 destrueret
1141 2860 1203 2924 Vir
1228 2860 1341 2942 itaque

173 2962 291 3029 beatus
312 2983 380 3042 vas,
394 2973 432 3029 ut
447 2963 621 3028 videbatur
643 2965 700 3028 taIi
723 2964 859 3048 plenum
886 2963 981 3042 lacte,
1003 2963 1066 3028 sibi
1081 2963 1173 3027 ocius
1194 2963 1265 3028 dari
1281 2983 1340 3047 po·

173 3069 303 3153 poscit;
325 3078 359 3134 et
373 3067 436 3132 hac
460 3089 536 3133 cum
552 3069 718 3133 sententia
740 3068 922 3145 benedixit,
937 3068 1070 3133 dicens:
1094 3066 1199 3131 Modo
1221 3067 1339 3151 proba·

172 3173 261 3238 bitur
284 3193 351 3237 non
375 3193 448 3237 esse
473 3172 537 3238 hoc
559 3193 682 3252 verum,
704 3174 793 3256 quod
817 3182 960 3257 putatur,
979 3171 1039 3250 Iac,
1065 3173 1123 3236 sed
1147 3172 1338 3236 daemonum

175 3275 300 3354 fraude,
315 3277 358 3341 ad
374 3277 590 3360 decipiendos
612 3276 772 3355 homines,
787 3277 996 3342 decoloratus
1014 3277 1156 3360 sanguis
1203 3276 1249 3341 Et
1263 3296 1340 3341 con·

174 3381 269 3446 tinuo
295 3379 421 3446 lacteus
448 3381 503 3445 ille
526 3381 617 3446 color
638 3381 671 3445 in
695 3391 848 3446 naturam
870 3401 983 3445 versus
1005 3390 1057 3445 est
1079 3380 1256 3465 propriam,
1277 3380 1341 3445 hoc

175 3493 234 3562 est,
250 3485 283 3549 in
299 3485 503 3568 sanguinem.
560 3484 628 3549 Bos
650 3505 791 3569 quoque,
807 3486 864 3570 qui
887 3506 946 3570 per
966 3484 1063 3550 unius
1085 3484 1176 3550 horae
1192 3505 1341 3551 momen·

175 3596 257 3666 tum,
279 3588 367 3672 turpi
395 3589 500 3652 macie
523 3587 656 3653 tabidus
679 3598 713 3653 et
729 3600 922 3668 maceratus,
944 3598 1015 3654 erat
1038 3590 1136 3654 morti
1159 3591 1342 3674 proxImus,

175 3690 351 3756 benedicta
374 3711 395 3756 a
417 3691 544 3758 Sancto
566 3711 654 3776 aqua
675 3692 875 3777 superfusus,
890 3693 974 3758 mira
996 3693 1059 3759 sub
1078 3693 1246 3760 celeritate
1267 3714 1344 3759 san·

176 3806 251 3861 atus
265 3805 324 3860 est

555 4198 758 4269 CAPUT
796 4201 970 4268 XVIII.

552 4373 605 4441 ue
625 4343 758 4460 rugm
779 4373 956 4442 mmmm

180 4560 349 4648 QUIDAM
372 4566 426 4631 die
448 4564 584 4649 quidam
607 4562 705 4630 bonae
728 4564 849 4630 indolis
868 4563 1009 4649 juvenis,
1025 4562 1184 4650 Lugneus
1204 4563 1350 4646 nomine,
