3226 5520
604 510 914 580 COLUMBAE.
1297 524 1340 590 97

176 717 331 802 postulat
362 717 471 804 Quem
487 717 629 784 Sanctus
646 719 793 796 intuitus,
805 719 934 803 inquit:
958 716 989 784 Ο
1006 716 1052 782 fili
1068 717 1167 782 hodie
1183 716 1342 783 intentius

174 832 362 906 praecaveto
391 843 433 887 ne
464 823 619 888 Ethicam
646 843 742 888 cursu
773 824 815 887 ad
847 834 967 888 terram
998 823 1125 887 directo
1155 842 1214 906 per
1244 821 1342 886 latius

173 927 300 990 coneris
323 936 526 991 transmeare
548 927 708 1010 pelagus;
738 928 796 991 sed
823 928 943 1010 potius
966 927 1173 1004 circumiens,
1200 927 1343 990 minores

174 1051 268 1095 secus
285 1032 419 1114 naviges
435 1030 559 1096 insulas
574 1054 582 1110 ;
605 1052 646 1096 ne
660 1031 823 1109 videlicet,
839 1031 951 1114 aliquo
967 1039 1177 1095 monstruoso
1193 1030 1343 1114 perterri-

174 1146 227 1200 tus
250 1137 411 1220 prodigio,
427 1137 485 1200 vix
508 1137 585 1200 inde
608 1136 714 1219 possis
737 1137 883 1200 evadere.
930 1135 1006 1220 Qui,
1022 1155 1042 1199 a
1058 1134 1184 1200 Sancto
1206 1143 1344 1217 accepta

175 1239 414 1320 benedictione,
437 1241 582 1318 secessit,
605 1249 640 1304 et
667 1259 784 1305 navem
808 1241 1044 1318 conscendens,
1067 1238 1182 1306 Sancti
1204 1239 1342 1303 verbum

175 1345 269 1427 quasi
307 1346 550 1428 parvipendens
588 1344 850 1428 transgreditur;
894 1344 1021 1428 majora
1057 1344 1196 1427 proinde
1232 1343 1343 1408 Ethici

173 1457 382 1514 transmeans
393 1451 502 1534 spatia
512 1449 632 1534 pelagi,
644 1451 715 1532 ipse
726 1459 760 1514 et
774 1449 832 1532 qui
848 1449 892 1513 ibi
908 1449 1038 1513 inerant
1049 1457 1160 1514 nautae
1175 1447 1299 1525 vident,
1310 1455 1344 1511 et

175 1573 252 1618 ecce
265 1563 358 1619 cetus
374 1555 466 1619 mirae
480 1564 514 1620 et
529 1555 702 1619 immensae
719 1553 967 1637 magnitudinis,
978 1573 1014 1617 se
1029 1553 1133 1618 instar
1148 1551 1271 1617 montis
1283 1551 1343 1615 eri·

173 1659 466 1742 gens,oraaperuit
475 1658 589 1742 patula
599 1659 698 1723 nimis
708 1660 1088 1742 dentosasupematans.
1105 1655 1193 1722 Tum
1204 1656 1345 1741 proinde

173 1762 324 1845 remiges,
340 1762 494 1846 deposito
509 1762 592 1840 velo,
601 1761 699 1826 valde
715 1762 886 1845 perterriti,
902 1770 989 1826 retro
1004 1761 1132 1839 reversi,
1144 1758 1234 1825 illam
1247 1759 1344 1824 obor-

172 1874 242 1931 tam
270 1885 315 1929 ex
340 1865 488 1930 belluino
512 1877 605 1931 motu
629 1866 879 1932 fluctuationem
903 1867 963 1931 vix
986 1865 1126 1930 evadere
1156 1873 1345 1948 potuerunt,

174 1969 356 2054 Sanctique
377 1971 514 2036 verbum
541 1981 814 2055 recognoscentes
830 1969 1071 2054 propheticum,
1085 1968 1343 2034 admirabantur.

175 2073 304 2138 Eadem
320 2094 454 2157 quoque
472 2075 527 2138 die
550 2075 694 2140 Sanctus
717 2073 927 2152 Baitheneo,¹
941 2074 983 2138 ad
1003 2093 1103 2157 supra
1125 2081 1343 2137 memoratam

175 2177 316 2243 insulam
334 2180 539 2262 navigaturo,
555 2199 653 2243 mane
675 2180 718 2244 de
740 2180 859 2243 eodem
885 2178 1052 2243 intimavit
1074 2187 1158 2256 ceto,
1173 2178 1344 2262 inquiens:

176 2281 252 2346 Hae
267 2283 435 2366 praeterita
451 2293 548 2347 nocte
564 2284 682 2361 media,
698 2292 790 2349 cetus
806 2303 947 2366 magnus
962 2283 1005 2347 de
1020 2281 1186 2367 profundo
1198 2283 1297 2346 maris
1309 2302 1345 2347 se

174 2386 368 2465 sublevavit,
383 2396 417 2451 et
433 2387 519 2452 inter
544 2386 660 2452 Ionam
684 2398 718 2452 et
742 2387 896 2453 Ethicam
921 2386 1063 2453 insulam
1079 2407 1115 2451 se
1130 2386 1230 2451 hodie
1245 2386 1279 2449 in
1291 2406 1344 2449 su-

173 2488 340 2572 perficiem
368 2491 472 2574 eriget
499 2492 649 2574 aequoris
702 2489 764 2557 Cui
791 2490 994 2555 Baitheneus
1019 2491 1225 2573 respondens
1251 2487 1346 2554 infit:

175 2592 251 2676 Ego
265 2603 300 2658 et
316 2592 371 2658 illa
387 2593 497 2658 bellua
509 2595 571 2659 sub
584 2594 648 2658 Dei
661 2603 827 2678 potestate
842 2614 964 2659 sumus
1003 2593 1156 2670 Sanctus,
1167 2593 1273 2670 Vade,
1289 2593 1345 2670 ait,

173 2696 206 2760 in
237 2717 329 2780 pace,
357 2696 440 2762 fides
470 2708 528 2762 tua
558 2699 590 2762 in
623 2698 756 2765 Christo
786 2708 820 2764 te
849 2698 893 2763 ab
919 2699 982 2762 hoc
1006 2697 1164 2763 desendet
1190 2696 1343 2780 periculo.

174 2801 377 2868 Baitheneus
393 2811 463 2867 tum
479 2803 611 2880 deinde,
625 2824 646 2867 a
662 2805 788 2870 Sancto
803 2802 1034 2868 benedictione
1050 2811 1195 2886 accepta,
1211 2822 1231 2867 a
1246 2810 1344 2886 portu

175 2906 350 2988 enavigat:
373 2907 634 2990 transcursisque
657 2926 723 2970 non
747 2907 857 2990 parvis
880 2907 974 2989 ponti
990 2907 1116 2989 spatiis,
1131 2906 1201 2989 ipse
1217 2914 1251 2969 et
1265 2905 1345 2969 socii

174 3019 285 3073 cetum
302 3011 490 3093 aspiciunt;
513 3011 761 3094 perterritisque
783 3011 947 3089 omnibus,
970 3011 1041 3095 ipse
1064 3010 1154 3077 solus
1176 3031 1290 3094 aequor
1311 3018 1346 3074 et

175 3124 295 3190 cetum,
307 3114 470 3179 ambabus
487 3115 640 3180 manibus
655 3115 801 3192 elevatis,
813 3115 980 3180 benedicit
992 3114 1176 3198 intrepidus
1189 3138 1196 3178 :
1211 3114 1345 3179 eodem·

174 3237 239 3300 que
252 3229 424 3283 momento
439 3219 549 3284 bellua
561 3239 694 3304 magna,
705 3240 741 3284 se
753 3221 815 3286 sub
827 3219 946 3285 fluctus
958 3219 1167 3304 immergens,
1180 3238 1344 3303 nusquam

174 3322 331 3406 deinceps
346 3323 393 3387 eis
409 3324 571 3407 apparuit

593 3723 798 3792 CAPUT
836 3724 929 3793 XX.

178 3896 230 3962 Da
242 3895 381 3983 quadam
396 3897 547 3977 Baitaaa,
561 3896 621 3983 qai
632 3918 704 3962 nam
718 3897 830 3963 ceterr‘s
842 3897 1003 3963 desertum
1018 3897 1187 3963 marinum
1200 3907 1348 3983 appetens

430 4002 671 4087 enavigaverat,
688 4003 807 4070 Sancti
818 4002 988 4087 prophetea
1012 4002 1092 4069 Viri.

179 4172 275 4238 Aulo
290 4173 323 4237 in
339 4180 490 4257 tempore
507 4174 645 4257 quidam
669 4174 838 4253 Baitanus,
859 4184 960 4258 gente
986 4194 1090 4258 nepos
1114 4174 1348 4255 Mathaloirc,²

209 4455 218 4482 ¹
234 4440 353 4508 Superior
371 4442 400 4493 oi
417 4444 459 4494 the
478 4443 621 4510 dependant
641 4451 782 4510 monastery
801 4443 831 4495 oi
847 4444 1027 4511 Magnuunge
1045 4443 1071 4495 in
1090 4442 1182 4508 Tiree;
1203 4444 1348 4497 afterwards

177 4523 255 4574 ebbot
267 4524 297 4574 oi
311 4525 362 4590 Hy.
399 4526 447 4577 See
459 4525 491 4586 1..
505 4538 545 4591 3ο,
558 4540 599 4590 41,
614 4527 662 4588 11..
678 4539 715 4592 ις,
731 4526 927 4591 111.,8,insra.

209 4620 222 4648 ²
235 4605 315 4658 Nau
326 4607 434 4671 Taloirc,
450 4609 554 4661 Reevee
591 4609 670 4662 nun
681 4609 807 4672 Taleierc,
820 4609 893 4678 Colg.
906 4610 958 4662 eud
969 4608 1037 4663 Boii.

749 4707 771 4754 0
