3226 5520
645 481 958 551 couuuuAE.
1326 495 1387 566 ιω

219 699 318 778 portu
345 689 439 756 Ionae
464 688 582 757 insulae
606 689 650 755 ad
677 687 827 757 Sootiam
854 687 1010 773 navigare
1035 684 1206 769 incipiens,
1230 683 1387 752 baculum

219 817 332 863 seeum
348 805 480 882 portare
494 795 618 862 oblitus
633 802 683 861 est
697 816 706 874 ;
731 795 788 879 qui
803 793 928 860 scilicet
942 793 1014 878 ejus
1029 790 1174 869 baculus,
1190 801 1267 875 post
1285 790 1389 875 ipsius

221 921 390 987 egressum
419 900 455 966 in
485 901 580 966 litore
610 907 766 983 repertus,
795 898 901 964 sancti
935 898 970 962 in
1000 915 1137 962 manum
1167 896 1308 961 traditus
1337 903 1390 962 est

222 1004 417 1085 Columbae3
439 1023 606 1089 quemque
625 1003 763 1068 domum
787 1022 944 1081 reversus,
959 1003 993 1066 in
1015 1000 1196 1067 oratorium
1219 1009 1339 1085 portat,
1354 1009 1389 1068 et

221 1109 346 1175 ibidem
383 1109 474 1174 solus
510 1109 545 1173 in
579 1108 729 1173 oratione
766 1109 891 1173 diutius
921 1108 1120 1174 demoratur.
1188 1105 1391 1172 Cainnichus

221 1214 361 1298 proinde
383 1214 425 1278 ad
449 1211 647 1279 Oidecham¹
672 1214 942 1298 appropinquans
965 1211 1118 1290 insulam,
1133 1211 1245 1277 subito
1266 1210 1310 1276 de
1329 1230 1390 1275 sua

221 1317 388 1384 oblivione
431 1327 660 1402 compunctus,
701 1317 839 1383 interius
875 1317 1044 1401 perculsus
1082 1324 1140 1382 est
1208 1314 1276 1382 Sed
1313 1323 1391 1399 post

222 1422 391 1487 modicum
414 1421 632 1501 intervallum,
659 1423 702 1489 de
729 1422 804 1487 navi
831 1423 1046 1498 descendens,
1071 1431 1106 1486 et
1132 1421 1166 1485 in
1196 1427 1283 1486 terra
1313 1440 1389 1485 cum

221 1526 372 1592 oratione
386 1545 496 1610 genua
515 1526 660 1606 flectens,
675 1526 840 1604 baculum,
856 1545 955 1610 quem
978 1525 1012 1589 in
1035 1534 1133 1609 portu
1159 1523 1250 1588 lonae
1274 1523 1391 1589 insulae

222 1631 346 1697 oblitus
368 1641 445 1714 post
465 1652 501 1696 se
521 1631 661 1717 reliquit,
676 1652 775 1717 super
790 1631 949 1715 cespitem
972 1630 1103 1695 terrulae
1120 1628 1289 1709 Aithche,³
1312 1638 1391 1694 ante

223 1755 258 1800 se
273 1736 421 1802 invenit³
477 1736 532 1801 De
553 1737 648 1821 cujus
669 1737 770 1801 etiam
793 1734 912 1800 effecta
934 1734 1093 1800 divinitus
1108 1733 1279 1799 evectione
1293 1732 1392 1799 valde

223 1848 274 1906 est
288 1840 427 1906 miratus
442 1860 519 1905 cum
534 1840 715 1925 gratiarum
731 1840 765 1904 in
781 1840 857 1905 Deo
872 1839 1011 1904 actione

636 2275 840 2344 CAPUT
878 2276 976 2342 XV.

224 2466 277 2533 De
301 2465 476 2531 Baitheneo
500 2475 532 2532 et
559 2465 753 2534 columbano
772 2415 849 2552 filio
873 2465 1024 2551 Beognoi,
1048 2464 1171 2531 sanctis
1187 2462 1393 2549 presbyterii,

310 2571 420 2636 eadem
434 2570 500 2637 sibi
511 2570 565 2637 die
579 2581 709 2637 ventum
723 2584 913 2658 prosperum
929 2591 951 2636 a
967 2569 1117 2648 Domino,
1124 2581 1189 2655 per
1200 2568 1298 2634 Beati
1320 2568 1396 2634 Vin·

310 2675 487 2743 orationem
498 2675 618 2740 donari
617 2675 868 2760 postulantibus,
876 2674 937 2740 sed
942 2674 1074 2740 diversa
1086 2672 1319 2759 admirantibus
1329 2671 1393 2738 via.

225 2862 325 2930 ALIO
351 2883 484 2948 quoque
510 2864 543 2929 in
570 2873 730 2949 tempore,
756 2862 906 2949 superius
933 2861 1107 2928 memorati
1134 2860 1240 2927 sancti
1265 2859 1326 2926 viri
1350 2861 1393 2927 ad

228 2969 389 3036 Sanctum
404 2970 583 3047 venientes,
602 2970 645 3035 ab
663 2990 704 3035 eo
726 2969 823 3035 simul
847 2969 1020 3034 unanimes
1043 2966 1214 3051 postulant
1229 2974 1266 3031 ut
1288 2966 1396 3049 ipsea

227 3073 375 3138 Domino
399 3074 572 3158 postulans
594 3075 787 3159 impetraret
811 3093 1006 3158 prosperum
1029 3071 1172 3136 crastina
1188 3071 1242 3136 die
1256 3079 1393 3135 ventum

225 3178 288 3243 sibi
303 3178 374 3242 dari
390 3180 520 3244 diversa
544 3181 752 3263 emigraturis
768 3181 828 3244 via
874 3177 1006 3262 Quibus
1021 3175 1166 3243 Sanctus
1182 3177 1395 3260 respondens,

226 3283 289 3348 hoc
314 3284 407 3348 dedit
429 3305 643 3369 responsum:
669 3284 773 3349 Mane
794 3285 938 3348 crastina
956 3282 1020 3358 die,
1035 3280 1247 3358 Baitheneus,
1261 3299 1281 3345 a
1296 3289 1393 3363 portu

227 3387 320 3451 Ionae
335 3387 516 3472 enavigans
532 3387 657 3464 insulae,
673 3387 789 3453 flatum
805 3386 942 3452 habebit
964 3385 1147 3449 secundum
1163 3403 1338 3469 usquequo
1351 3383 1395 3449 ad

226 3501 360 3575 portum
377 3493 547 3576 perveniat
563 3492 682 3577 Campi
699 3492 839 3576 Lunge.¹
890 3490 991 3575 Quod
1010 3491 1065 3569 ita,
1077 3489 1178 3574 juxta
1194 3488 1310 3556 Sancti
1324 3509 1395 3554 ver·

227 3595 318 3673 bum,
342 3595 508 3661 Dominus
534 3597 679 3662 donavit
736 3596 825 3661 Nam
849 3594 1051 3660 Baitheneus
1074 3593 1181 3678 plenis
1203 3594 1320 3659 eadem
1342 3592 1397 3658 die

227 3700 308 3764 velis
320 3719 480 3784 magnum
492 3710 667 3784 totumque
681 3700 820 3785 pelagus
831 3719 936 3785 usque
951 3698 994 3764 ad
1012 3699 1167 3764 Ethicam
1180 3698 1398 3762 transmeavit

228 3811 357 3868 terram.
405 3802 499 3868 Hora
514 3824 593 3868 vero
607 3804 757 3888 eJusdem
773 3804 838 3869 diei
855 3804 960 3883 tertia,
975 3803 1025 3867 vir
1038 3803 1245 3868 venerandus
1262 3800 1396 3869 Colum·

226 3906 365 3972 benum·
390 3908 534 3972 advocat
556 3907 796 3991 presbyterum,
811 3908 943 3972 dicens:
970 3906 1068 3971 Nunc
1088 3905 1290 3971 Baitheneus
1305 3925 1396 3989 pros·

229 4030 307 4096 pere
329 4021 482 4096 optatum
508 4011 658 4095 pervenit
680 4012 722 4076 ad
746 4019 899 4096 portum:
926 4012 969 4076 ad
993 4011 1217 4096 navigandum
1241 4017 1275 4074 te
1297 4008 1397 4073 hodie

260 4257 270 4287 ¹
284 4245 317 4298 A.
352 4245 473 4307 cainechi,
486 4245 642 4307 ouidecbnm,
657 4245 686 4297 B.
722 4245 867 4309 minnecbe,
881 4244 951 4300 cort.

259 4329 318 4380 ιΑ.
353 4329 498 4390 ouidechse,
512 4329 541 4380 B.
577 4328 707 4391 ouidchae,
723 4327 792 4382 con.

260 4425 272 4463 ³
286 4411 395 4477 mitum
406 4412 463 4462 add
479 4412 509 4463 B.

261 4505 271 4534 ¹
287 4493 317 4542 in
328 4492 409 4543 Tiree.

205 4614 210 4623 ·
285 4574 426 4632 Otherwise
438 4575 584 4631 Commu.
