3226 5520
866 484 1013 558 VITA

764 812 968 879 CAPUT
1007 813 1105 880 XX.

502 986 599 1051 Hora
619 987 733 1051 monas
755 987 904 1064 instante,
915 986 1044 1070 psalmi
1062 985 1255 1052 divisionem
1268 987 1377 1068 facit!

354 1162 449 1227 POST
465 1161 536 1225 haec
551 1161 594 1226 de
609 1160 666 1224 illo
681 1160 887 1224 descendens
903 1170 1017 1224 monte
1039 1169 1073 1226 et
1095 1161 1139 1226 ad
1162 1159 1398 1225 monasterium
1415 1178 1520 1223 rever-

354 1285 419 1343 sus,
442 1265 580 1329 sedebat
606 1265 639 1328 in
663 1264 747 1328 cella
769 1263 962 1347 psalterium
982 1265 1136 1330 scribens.
1181 1264 1336 1348 Denique
1359 1264 1403 1328 ad
1427 1262 1521 1328 illum

353 1370 509 1435 tricesimi
525 1368 612 1433 tertii
637 1369 760 1433 Psalmi
776 1369 974 1433 versiculum
998 1371 1202 1453 perveniens,
1216 1369 1273 1434 ubi
1288 1368 1448 1446 scribitur,
1465 1367 1521 1431 In·

353 1473 521 1557 quirentes
537 1483 649 1537 autem
666 1464 852 1536 Dominum
869 1491 934 1535 non
958 1472 1114 1537 deficient
1129 1474 1221 1537 omni
1236 1473 1334 1551 bono,
1349 1472 1419 1536 ait:
1453 1471 1521 1536 Hic

352 1597 372 1641 a
388 1597 442 1640 me
457 1577 653 1642 cessandum
670 1577 847 1640 existimo:
869 1575 1082 1642 Barthaneo²
1095 1598 1171 1663 quae
1186 1586 1369 1662 sequuntur
1383 1574 1521 1660 perscri-

352 1681 471 1746 benda
540 1681 784 1747 Convenienter
817 1680 905 1744 enim
938 1680 1064 1746 Sancto
1103 1682 1303 1746 novissimus
1331 1677 1521 1757 versiculus,

351 1805 451 1869 quem
476 1786 652 1868 scripserat
674 1784 888 1869 congruebat,
914 1785 966 1848 cui
990 1786 1150 1849 veraciter
1176 1795 1301 1849 aeterna
1325 1783 1414 1848 bona
1437 1801 1520 1846 nun·

352 1910 454 1975 quam
478 1889 640 1955 deficient
686 1888 885 1967 Successori,
899 1909 978 1954 vero
1000 1889 1034 1953 id
1050 1900 1100 1955 est
1122 1889 1342 1975 spiritualium
1357 1886 1444 1972 patri
1460 1883 1521 1951 fili·

351 2014 456 2073 orum,
482 1993 573 2059 haud
604 1994 713 2058 minus
747 1992 904 2058 decenter
933 2012 1076 2077 sequens
1105 1993 1270 2071 convenit,
1302 1991 1427 2057 Venite
1453 1988 1522 2067 filii,

352 2099 466 2165 audite
491 2119 553 2177 me,
568 2099 722 2164 timorem
745 2096 884 2162 Domini
900 2098 1029 2163 docebo
1043 2118 1110 2163 vos.
1165 2097 1234 2162 Hic
1257 2096 1346 2162 euim
1362 2096 1447 2160 sicut
1461 2094 1520 2159 de·

351 2223 461 2267 cessor
487 2201 734 2267 commendavit
758 2221 824 2265 non
849 2199 957 2267 solum
980 2201 1163 2283 scribendo,
1177 2202 1237 2267 sed
1259 2200 1362 2267 etiam
1384 2199 1419 2264 in
1434 2197 1520 2283 regi·

352 2308 442 2374 mine
457 2307 649 2374 monasterii
668 2305 862 2389 laborando,
877 2307 1042 2373 successit

750 2666 956 2735 CAPUT
993 2665 1120 2734 XXI.

685 2839 789 2905 Verba
811 2840 990 2905 novissim
1011 2837 1192 2905 columbas

352 2995 447 3060 Post
463 2992 564 3058 talem
581 2992 681 3074 igitur
696 2992 883 3058 terminatae
899 2993 1030 3077 pagina
1042 3011 1172 3058 versum
1188 2991 1416 3075 perscriptum,
1425 3010 1520 3057 sanc·

352 3108 421 3163 tam
439 3098 612 3162 ecclesiam
624 3099 667 3163 ad
684 3097 915 3163 celebrandam
934 3097 1120 3162 Dominicae
1137 3097 1244 3161 noctis
1259 3096 1395 3161 missam
1411 3095 1520 3180 ingre·

352 3203 460 3267 ditur:
483 3222 550 3286 qua
576 3202 735 3267 continuo
761 3211 993 3266 consummata
1008 3202 1050 3265 ad
1078 3201 1259 3284 hospitium
1287 3210 1462 3278 revertens,
1485 3199 1519 3263 in

353 3305 441 3370 lecto
456 3326 585 3389 pernox
601 3307 731 3384 resedit,
753 3306 810 3371 ubi
826 3326 887 3390 pro
910 3306 1068 3371 stramine
1083 3307 1208 3371 nudam
1224 3316 1356 3384 terram,
1371 3326 1432 3389 pro
1446 3304 1519 3389 pul·

350 3408 429 3473 villo
445 3410 591 3475 habebat
606 3409 761 3494 lapidem,
776 3411 833 3493 qui
849 3430 954 3493 usque
969 3409 1068 3474 hodie
1087 3409 1189 3493 juxta
1211 3405 1422 3494 sepulchrum
1438 3408 1519 3492 ejus,

351 3514 445 3595 quasi
461 3514 597 3598 quidam
614 3514 730 3579 titulus
753 3513 961 3578 monumenti
977 3514 1140 3597 perdurat
1197 3511 1318 3577 Itidem
1334 3511 1447 3596 itaque
1470 3531 1518 3574 re-

351 3617 463 3681 sidens
487 3617 667 3682 novissima
688 3616 763 3681 filiis
777 3617 878 3682 verba
896 3617 1174 3682 commendabat:
1200 3616 1293 3682 Inter
1312 3637 1380 3694 vos,
1395 3616 1519 3694 dicens,

351 3730 501 3787 mutuam
527 3732 561 3787 et
591 3741 657 3786 non
683 3720 794 3787 fictam
817 3722 989 3786 caritatem
1013 3741 1195 3805 cumpace
1219 3740 1351 3804 semper
1374 3718 1518 3785 habete:

351 3826 518 3890 Dominus
548 3833 659 3890 autem
690 3825 893 3892 confortator
922 3827 1084 3891 bonorum
1116 3824 1210 3890 vobis
1235 3825 1452 3890 auxiliabitur
1484 3833 1519 3888 et

350 3950 414 4014 ego
429 3949 505 3993 cum
523 3929 595 4013 ipso
616 3949 754 3994 manens
776 3950 837 4014 pro
859 3930 953 3994 vobis
976 3929 1204 4014 interpellab0,
1218 3939 1256 3993 ut
1278 3927 1372 3994 vobis
1388 3937 1518 4012 tempo-

351 4034 442 4112 ralia,
457 4044 491 4098 et
506 4043 631 4098 aeterna
646 4034 734 4099 bona
760 4035 967 4118 proveniant.
1008 4035 1072 4099 His
1087 4034 1186 4099 dictis
1201 4043 1336 4100 sanctus
1352 4031 1518 4100 Columba

350 4138 518 4222 paulisper
533 4138 700 4203 conticuit

381 4352 392 4379 ¹
439 4338 445 4351 .
535 4375 552 4399 ·r

381 4337 544 4472 ²ffihe1dds
568 4351 702 4473 {fatumue
728 4436 853 4473 suooemor
878 4422 905 4473 in
926 4422 1038 4475 Abbatia
1061 4423 1167 4489 Hyensi,
1192 4436 1250 4475 mu.
1276 4421 1515 4489 soz-Piamou-

350 4503 474 4553 Mabillou
486 4503 566 4570 print·
576 4504 722 4556 Bonnam
733 4504 795 4556 both
807 4504 833 4556 in
849 4505 892 4556 the
909 4511 961 4557 text
977 4507 1028 4556 and
1045 4506 1071 4556 in
1088 4506 1131 4556 the
1148 4505 1243 4572 margin
1255 4523 1263 4567 ;
1280 4506 1325 4556 but
1336 4505 1464 4570 evidently
1480 4502 1519 4555 ior

348 4585 473 4639 muno
483 4602 512 4637 or
522 4586 667 4638 Bar'them
961 4601 973 4638 ³
986 4589 1107 4651 Adanu,
1122 4589 1184 4651 111..
1198 4600 1238 4652 23.
