3226 5520
608 503 919 573 COLUMBAE.

564 895 768 963 CAPUT
806 894 962 960 XXII.

279 1084 331 1149 De
352 1084 479 1166 infelici
497 1084 635 1168 quodam
658 1104 807 1168 quicum
828 1103 890 1146 sua
911 1081 1070 1147 dormivit
1084 1081 1249 1167 genetrice.

178 1272 277 1338 ALIO
307 1273 514 1356 intempore
540 1272 655 1338 fratres
682 1273 881 1356 intempesta
907 1283 1005 1338 nocte
1030 1274 1168 1338 suscitat
1194 1272 1346 1349 Sanctus,

177 1378 220 1442 ad
256 1397 340 1461 quos
377 1378 410 1440 in
448 1377 586 1441 ecclesia
621 1390 841 1462 congregatos
882 1379 985 1443 dicit:
1028 1379 1125 1443 Nunc
1162 1378 1345 1443 Dominum

179 1482 340 1545 intentius
369 1500 559 1564 precemur:
597 1501 674 1545 nam
713 1482 775 1546 hac
812 1482 845 1545 in
883 1481 965 1546 hora
994 1482 1129 1566 aliquod
1159 1481 1345 1546 inauditum
1450 1547 1456 1556 ,

179 1586 213 1649 in
245 1587 371 1650 mundo
407 1594 580 1668 peccatum
618 1594 845 1670 perpetratum
883 1595 942 1663 est,
976 1606 1037 1668 pro
1072 1605 1140 1669 quo
1175 1585 1273 1651 valde
1306 1583 1346 1649 ti·

180 1691 302 1754 menda
336 1689 503 1773 judicialis
539 1698 591 1754 est
626 1690 781 1755 vindicta.
843 1689 896 1753 De
932 1710 999 1773 quo
1036 1698 1175 1773 peccato
1203 1689 1347 1753 crastina

178 1795 244 1871 die,
288 1793 453 1877 aliquibus
498 1793 612 1878 paucis
655 1793 958 1877 percunctantibus,
1001 1793 1168 1858 intimavit
1211 1794 1346 1857 dicens:

179 1898 260 1962 Post
296 1917 421 1980 paucos
459 1916 589 1960 menses
625 1917 701 1961 curn
733 1897 906 1981 Lugaido¹
940 1898 1107 1962 nesciente
1141 1895 1259 1960 infelix
1292 1895 1347 1961 ille

178 2001 359 2065 homuncio
387 2002 430 2065 ad
470 2000 587 2064 lonam
625 2001 795 2084 perveniet
831 1999 981 2064 insulam.
1041 1999 1121 2064 Alia
1150 2001 1263 2084 itaque
1292 2000 1347 2064 die

180 2105 324 2172 Sanctus
361 2105 403 2169 ad
442 2104 668 2183 Diormitium,
697 2104 878 2188 interjectis
915 2104 1132 2188 quisbusdam
1170 2104 1347 2182 mensibus,

177 2209 374 2293 praecipiens
386 2208 553 2292 profatur:
577 2208 683 2290 Surge
698 2209 803 2286 citius,
813 2227 889 2272 ecce
906 2207 1078 2291 Lugaidus
1092 2208 1348 2292 appropinquat,

177 2314 298 2398 dicque
320 2314 350 2377 ei
373 2321 410 2378 ut
434 2313 590 2377 miserum
615 2332 714 2396 quem
739 2332 850 2377 secum
878 2313 911 2376 in
937 2313 1012 2377 navi
1027 2312 1129 2378 habet
1149 2313 1183 2376 in
1200 2312 1346 2376 Maleam

177 2417 343 2502 propellat
359 2416 524 2495 insulam,²
538 2437 580 2481 ne
595 2417 693 2500 hujus
709 2416 825 2480 insulae
840 2417 1000 2500 cespitem
1016 2415 1128 2481 calcet
1170 2415 1247 2502 Qui,
1263 2436 1348 2500 prae·

178 2532 277 2605 cepto
302 2520 418 2586 Sancti
442 2523 628 2598 obsecutus,
643 2521 685 2585 ad
703 2541 793 2585 mare
817 2520 933 2604 pergit
991 2518 1210 2603 Lugaidoque
1225 2521 1347 2584 adven·

179 2625 264 2690 tanti
280 2624 393 2688 omnia
418 2624 533 2690 Sancti
550 2623 759 2708 prosequitur
783 2624 825 2687 de
840 2623 961 2688 infelici
977 2624 1048 2688 viro
1061 2623 1170 2689 verba.
1217 2623 1347 2708 Quibus

178 2729 309 2804 auditis,
339 2728 394 2792 ille
431 2728 547 2792 infelix
583 2728 707 2818 juravit
744 2747 913 2812 nunquam
951 2748 987 2792 se
1016 2728 1127 2792 cibum
1165 2748 1241 2793 cum
1275 2727 1348 2792 aliis

179 2842 392 2917 accepturum
418 2832 479 2895 nisi
510 2833 600 2916 prius
630 2840 783 2896 sanctum
813 2832 940 2895 videret
970 2830 1179 2909 Columbam‚
1205 2852 1349 2915 eumque

178 2937 409 3020 alloqueretur.
466 2934 553 3019 Quae
583 2933 722 2998 infelicis
747 2934 848 2998 verba
875 2934 1081 3013 Diormitius,
1111 2936 1153 3000 ad
1185 2935 1347 3001 Sanctum

177 3060 335 3117 reversus,
362 3038 480 3104 retulit
527 3038 659 3123 Quibus
685 3038 863 3122 compertis
887 3038 1030 3104 Sanetus
1052 3041 1095 3104 ad
1118 3049 1251 3123 portum
1275 3060 1347 3124 per·

178 3146 274 3222 rexit,
311 3143 569 3227 Baitheneoque‚
607 3141 744 3225 prolatis
784 3163 886 3207 sacrae
924 3142 1104 3227 Scripturae
1140 3145 1348 3222 testimoniis,

179 3248 368 3331 suggerenti
394 3256 432 3311 ut
456 3247 566 3310 miseri
594 3247 770 3329 poenitudo
801 3247 1029 3331 susciperetur,
1060 3248 1204 3315 Sanctus
1233 3269 1347 3313 conse-

179 3363 319 3436 quenter
334 3352 462 3436 inquit:
486 3351 518 3417 O
536 3351 725 3429 Baithenee,
741 3351 794 3414 hic
809 3351 912 3415 homo
928 3350 1143 3418 fratricidium
1160 3354 1193 3417 in
1211 3355 1347 3418 modum

178 3455 380 3538 perpetravit
410 3454 505 3532 Cain,
541 3464 575 3518 et
605 3474 681 3517 cum
711 3472 771 3517 sua
803 3465 908 3519 matre
935 3455 1120 3520 moechatus
1146 3465 1205 3522 est
1259 3456 1347 3522 Tum

178 3559 300 3624 deinde
325 3559 424 3622 miser
448 3559 482 3620 in
507 3557 602 3622 litore
626 3556 723 3621 flexis
747 3558 888 3641 genibus
904 3558 993 3642 leges
1011 3561 1218 3642 poenitentiae
1233 3561 1347 3643 exple·

178 3672 289 3727 turum
316 3683 351 3726 se
374 3661 535 3745 promisit,
559 3661 661 3746 juxta
684 3660 799 3727 Sancti
823 3662 1071 3746 judicationem.
1117 3663 1179 3730 Cui
1205 3664 1349 3730 Sanctus

178 3769 246 3832 ait:
270 3766 306 3832 Si
322 3766 499 3831 duodecim
523 3766 618 3830 annis
642 3766 727 3830 inter
751 3765 917 3831 Brittones
941 3787 1016 3831 cum
1042 3766 1120 3832 fletu
1136 3777 1171 3832 et
1194 3769 1348 3852 lacrymis

177 3869 411 3953 poenitentiam
427 3869 541 3951 egeris,
558 3889 617 3934 nec
633 3871 676 3934 ad
693 3869 842 3935 Scotiam
864 3890 968 3954 usque
984 3871 1026 3935 ad
1043 3880 1184 3935 mortem
1200 3892 1348 3936 reversus

178 3975 285 4052 fueris,
301 3972 411 4038 forsan
426 3974 518 4038 Deus
533 3984 672 4058 peccato
687 3975 838 4058 ignoscat
854 3985 921 4039 tu0.
969 3974 1054 4038 Haec
1066 3975 1180 4038 dicens
1196 3974 1349 4055 Sanctus,

177 4078 220 4143 ad
242 4099 319 4144 suos
343 4097 530 4155 conversus,
553 4078 653 4143 dicit:
678 4078 744 4143 Hic
769 4080 871 4143 homo
895 4072 981 4143 filius
1005 4087 1055 4143 est
1073 4079 1276 4163 perditionis,
1291 4080 1348 4164 qui

177 4202 278 4266 quam
291 4182 443 4264 promisit
459 4182 690 4265 poenitentiam
703 4202 770 4247 non
782 4182 932 4266 explebit
947 4203 955 4262 ;
977 4183 1035 4247 sed
1049 4203 1131 4247 mox
1142 4184 1184 4247 ad
1199 4182 1347 4248 Scotiam

178 4296 366 4364 revertetur,
394 4286 506 4369 ibique
536 4287 569 4350 in
600 4286 690 4352 brevi
720 4288 763 4352 ab
789 4287 932 4352 inimicis
955 4285 1201 4352 interficiendus
1219 4288 1347 4371 peribit.

212 4528 221 4556 ¹
235 4520 292 4571 The
303 4536 445 4586 mwnger
455 4521 485 4571 of
493 4520 536 4573 the
547 4529 698 4589 monastery.

210 4616 222 4647 ¹
236 4604 292 4658 The
304 4603 386 4657 ishad
397 4603 427 4657 oi
436 4604 508 4656 Muli.
