3226 5520
628 488 938 558 COLUMBAE.
1321 499 1362 567 77

200 699 247 758 De
261 696 380 758 duobus
401 694 499 775 pueris
513 695 678 757 secundum
691 695 815 757 verbum
830 698 894 774 ejus
907 695 938 756 in
953 697 1013 757 fine
1026 693 1199 774 septimanae
1214 696 1344 758 mortuis.

200 796 248 855 De
269 795 388 856 Corc1o
410 793 471 855 filio
494 797 579 856 Amo
604 796 820 870 Daarourcuu,
849 804 878 856 et
902 795 941 856 de
962 794 1094 872 quodam
1117 795 1236 855 occulto
1264 794 1365 856 matris

279 891 371 970 ipsius
385 903 517 972 peccato.

200 992 248 1052 De
262 989 347 1070 signo
360 990 462 1052 mortis
476 991 611 1070 ejusdem
625 989 679 1051 viri
692 991 847 1069 prophetia
861 989 955 1052 sancti
969 990 1141 1052 Couuunie.

201 1091 249 1151 De
264 1092 428 1151 Lemanno
442 1090 609 1151 hortulano.
648 1113 649 1116 ¹

73 1234 82 1250 r
202 1190 249 1249 De
264 1189 340 1250 Ceto
354 1206 464 1266 magno
477 1188 632 1266 quomodo
646 1189 839 1266 prophetavit.

201 1288 250 1347 De
276 1287 409 1364 quodam
438 1288 590 1359 Barrauo,
618 1289 669 1365 qui
698 1305 767 1347 cum
801 1287 914 1348 caeteris
940 1285 979 1347 ad
1007 1284 1187 1347 maritimum
1213 1283 1366 1364 remigavit

280 1385 438 1447 desertum.

202 1485 250 1545 De
270 1485 402 1562 quodam
424 1485 566 1546 Numano
587 1485 658 1546 ficto
678 1482 843 1562 poenitente
863 1482 915 1562 qui
935 1494 1039 1562 postea
1058 1484 1224 1545 secundum
1244 1483 1367 1545 verbum

282 1582 376 1644 sancti
390 1601 509 1643 carnem
524 1601 610 1660 equae
623 1583 737 1643 furtivae
750 1582 891 1644 comedit.

202 1680 251 1740 De
264 1679 315 1739 illo
329 1676 439 1740 infelici
452 1679 515 1739 viro
528 1677 581 1755 qui
594 1696 663 1738 cum
677 1697 731 1739 sua
743 1677 892 1756 genetrice
906 1675 1046 1756 peccavit.

203 1779 251 1838 De
265 1777 281 1837 I
296 1777 390 1838 vocali
404 1775 500 1837 littera
514 1795 582 1854 quae
596 1795 656 1837 una
670 1778 701 1836 in
716 1777 857 1838 Psalterio
871 1775 974 1839 defuit.

203 1876 251 1936 De
265 1874 340 1936 libro
354 1874 385 1934 in
399 1875 532 1953 hydriam
547 1875 681 1936 cadente.

203 1975 251 2035 De
263 1971 416 2035 corniculo
429 1971 585 2034 atramenti
599 1971 748 2035 inclinato.

203 2074 251 2133 De
264 2072 395 2134 adventu
409 2070 534 2150 alieuJus
547 2074 668 2132 Amani
683 2073 733 2150 qui
745 2070 892 2151 J‘eJunium
910 2071 1003 2134 solvit

204 2172 252 2231 De
265 2170 365 2249 aliquo
379 2169 488 2232 misero
502 2169 572 2245 viro,
588 2169 640 2248 qui
654 2170 693 2232 ad
706 2171 814 2232 fretum
827 2169 1005 2246 clamitabat,
1021 2189 1090 2232 mox
1104 2171 1254 2231 morituro.

204 2270 252 2330 De
265 2267 383 2331 civitate
398 2271 545 2331 Romanae
559 2267 656 2347 partis,
672 2288 761 2348 super
780 2288 870 2348 quam
885 2268 960 2348 ignia
974 2269 1012 2331 de
1026 2269 1104 2331 coelo
1117 2268 1240 2330 cecidet.

204 2370 252 2430 De
271 2372 435 2430 Lmsaauo
449 2368 511 2430 filio
526 2369 700 2444 Pannonio,
716 2369 871 2446 quomodo
884 2368 1049 2430 monachos
1063 2365 1197 2445 probavit
1210 2365 1242 2427 in
1256 2365 1365 2428 labore

204 2471 252 2530 De
267 2470 401 2530 Frcrrrro
415 2468 503 2529 Bure

205 2570 252 2629 De
266 2568 431 2630 Carnrarro
444 2566 601 2628 monacho.

205 2669 253 2728 De
266 2666 385 2728 duobus
399 2663 565 2744 peregrinis

204 2767 252 2826 De
266 2767 489 2825 Aarnnauarro
503 2780 582 2836 sene,
597 2780 688 2840 quem
702 2761 732 2820 in
747 2758 815 2822 Seia
828 2758 924 2823 insula
938 2759 1101 2839 baptizavit.

204 2865 252 2924 De
266 2861 409 2923 naviculae
423 2857 666 2922 transmotatione
677 2860 761 2938 juxta
775 2869 911 2936 stagnum
927 2856 1086 2920 loch—diae

204 2963 252 3022 De
267 2962 420 3022 Gaurano
434 2960 496 3020 tilio
509 2961 653 3020 Facurru
668 2976 758 3036 quem
773 2958 924 3020 daemones
938 2975 1068 3036 rapuere.

206 3063 253 3123 De
268 3063 407 3120 Luo1n1o
421 3060 562 3121 Curuno.

205 3162 252 3220 De
268 3161 384 3219 Eueno
397 3157 459 3218 filio
480 3158 606 3218 Gaura.

206 3259 253 3319 De
267 3255 429 3334 presbitero
442 3253 495 3333 qui
509 3266 570 3316 erat
584 3255 615 3314 in
628 3253 738 3314 Triota

206 3359 252 3417 De
268 3357 358 3416 Enco
371 3355 535 3415 furunculo,

206 3456 254 3515 De
268 3454 428 3514 Cnoumro
441 3462 537 3530 poeta

207 3555 254 3614 De
268 3553 408 3613 Rounno
422 3551 484 3611 filio
498 3552 583 3611 Amo
597 3547 648 3610 filii
666 3549 805 3622 Comen,
827 3558 857 3609 et
878 3549 1037 3610 Coruino
1058 3549 1150 3611 Carra
1163 3544 1225 3608 filio
1239 3547 1365 3618 Anmu,

285 3648 441 3733 prophetia
457 3647 565 3711 Sancti
