3226 5520
607 518 918 590 COLUMBAE.
1281 528 1342 601 203

179 728 369 807 egrediente
395 728 515 804 anima,
542 729 664 808 apertis
691 747 820 791 sursum
849 725 960 802 oeulis,
987 726 1030 789 ad
1057 736 1234 808 utrumque
1259 725 1346 791 latus

178 850 254 891 curn
271 832 353 892 mira
368 831 479 893 vultus
502 830 667 893 hilaritate
690 840 723 893 et
746 829 861 893 laetitia
885 830 1191 911 circumspiciebat;
1213 841 1345 893 sanctos

178 934 301 997 scilicet
317 935 432 997 obvios
449 935 581 997 intuens
596 935 739 1016 angelos.
787 934 984 997 Diormitius
1007 945 1078 997 tum
1102 946 1251 998 sanctam
1270 934 1345 998 sub·

179 1036 266 1099 levat
281 1038 323 1099 ad
340 1037 604 1100 benedicendum
629 1037 743 1101 Sancti
761 1038 998 1101 monachorum
1015 1038 1151 1101 chorum
1171 1040 1345 1102 dexteram

179 1159 322 1204 manum.
378 1140 446 1206 Sed
470 1150 504 1203 et
526 1141 597 1223 ipse
619 1141 814 1205 venerabilis
837 1151 939 1224 pater,
962 1143 995 1205 in
1020 1151 1182 1224 quantum
1208 1152 1347 1225 poterat,

178 1243 274 1308 simul
292 1264 385 1307 suam
403 1243 558 1308 movebat
575 1265 720 1322 manum,
736 1255 773 1309 ut
787 1245 941 1309 videlieet
956 1247 1045 1328 quod
1067 1266 1148 1310 voce
1165 1247 1197 1309 in
1213 1266 1345 1329 egressu

179 1368 244 1409 non
260 1348 393 1413 valebat
407 1349 538 1427 animae,
553 1350 654 1412 etiam
671 1360 763 1413 motu
788 1369 906 1414 manus
929 1349 1046 1414 fratres
1060 1351 1225 1416 videretur
1247 1351 1346 1414 bene-

177 1453 293 1515 dicere.
349 1454 393 1517 Et
416 1463 493 1536 post
515 1464 665 1517 sanctam
692 1454 959 1518 benedictionem
983 1454 1093 1519 taliter
1116 1454 1346 1539 significatam,

177 1557 336 1620 continuo
372 1558 523 1640 spiritum
561 1557 739 1622 exhalavit
800 1559 878 1643 Quo
915 1559 1164 1623 tabernaculum
1199 1560 1346 1643 corporis

177 1679 318 1742 egresso,
341 1660 440 1724 facies
466 1661 594 1738 rubens,
617 1672 652 1726 et
675 1663 794 1727 mirum
818 1664 850 1726 in
878 1664 1015 1726 modum
1044 1664 1193 1745 angelica
1219 1664 1345 1728 visione

177 1764 372 1842 exhilarata,
395 1766 427 1828 in
451 1776 582 1830 tantum
606 1767 773 1842 remansit,
795 1777 832 1831 ut
855 1787 921 1830 non
940 1768 1033 1850 quasi
1052 1769 1180 1846 mortui,
1196 1769 1253 1832 sed
1270 1770 1345 1831 dor·

178 1869 310 1931 mientis
334 1869 500 1934 videretur
523 1871 671 1934 viventis.
727 1861 815 1934 Tota
839 1872 970 1935 interim
997 1872 1196 1954 personabat
1220 1872 1344 1935 maestis

177 1971 391 2054 plangoribus
407 1972 551 2037 ecclesia

221 2074 288 2139 Sed
319 2096 383 2138 non
415 2078 681 2158 praetereundum
709 2079 840 2141 videtur
864 2077 955 2160 quod
981 2079 1100 2141 eadam
1131 2077 1212 2141 hora
1237 2078 1345 2141 beatae

177 2181 334 2243 transitus
364 2181 493 2257 animae,
520 2182 651 2244 cuidam
686 2181 898 2271 Hiberniensi
927 2181 1052 2247 Sancto
1079 2182 1258 2245 revelatum
1286 2193 1344 2244 est.

179 2284 216 2346 ln
243 2284 299 2347 illo
327 2305 470 2366 namque
497 2286 698 2348 monasterio
727 2286 817 2368 quod
846 2285 978 2350 Scotica
1005 2285 1205 2349 nominatur¹
1231 2285 1344 2368 lingua

178 2388 431 2464 Clonifinchoil,²
473 2390 609 2471 quidam
648 2389 750 2453 homo
787 2400 858 2453 erat
899 2400 1042 2466 sanetus,
1079 2410 1183 2452 senex
1222 2389 1343 2454 Christi

178 2493 279 2568 miles,
310 2494 367 2576 qui
406 2493 579 2574 Lugudius
608 2493 825 2571 vocitabatur,
855 2492 941 2556 filius
978 2494 1138 2570 Talcani,³
1171 2493 1280 2576 justus
1311 2504 1345 2557 et

178 2596 317 2677 sapiens.
377 2595 442 2658 Hic
470 2596 581 2677 itaque
608 2597 715 2678 primo
745 2615 843 2659 mane
869 2596 1000 2659 cuidam
1031 2617 1126 2678 aeque
1156 2596 1345 2663 Christiano

177 2700 282 2775 militi,
296 2700 484 2781 Fergnouo⁴
498 2701 640 2776 nomine,
656 2721 750 2763 suam
766 2701 931 2764 enarravit
944 2701 1113 2777 visionem,
1124 2721 1199 2763 curn
1217 2699 1343 2782 ingenti

177 2804 313 2884 gemitu,
336 2805 469 2867 dicens:
496 2803 570 2866 Hac
586 2806 752 2886 praeterita
771 2816 867 2868 nocte
884 2806 994 2868 media
1016 2815 1149 2868 sanctus
1172 2803 1345 2882 Columba,

178 2907 356 2970 multarum
383 2908 539 2971 columna
566 2909 786 2986 ecclesiarum,
813 2910 855 2972 ad
884 2909 1067 2972 Dominum
1091 2910 1228 2984 transiit,
1252 2919 1286 2972 et
1310 2909 1343 2972 in

177 3010 258 3073 hora
273 3011 360 3074 beati
379 3013 490 3075 exitus
506 3013 577 3095 ejus
603 3013 719 3076 Ionam
743 3014 893 3091 insulam,
909 3015 950 3076 ad
976 3033 1076 3094 quam
1101 3034 1237 3096 corpore
1262 3033 1344 3076 nun-

177 3135 278 3196 quam
310 3117 453 3197 perveni,
483 3126 589 3180 totam
620 3117 813 3198 angelorum
843 3118 1039 3181 claritudine
1070 3119 1101 3180 in
1133 3118 1248 3200 spiritu
1279 3118 1345 3181 vidi

178 3219 378 3295 irradiatam,
405 3230 542 3301 totaque
568 3222 676 3302 spatia
706 3221 789 3283 aeris
819 3240 923 3303 usque
952 3221 995 3284 ad
1026 3221 1149 3285 aethera
1175 3221 1344 3298 coelorum,

177 3325 356 3386 eorundem
395 3327 587 3406 angelorum
625 3325 775 3388 claritate
811 3325 996 3403 illustrata;
1028 3327 1084 3407 qui
1122 3326 1164 3389 ad
1195 3334 1344 3387 sanctam

178 3426 280 3508 ipsius
303 3429 448 3491 animam
472 3428 710 3510 perferendam,
731 3429 773 3491 de
795 3429 887 3491 eoelis
911 3429 1010 3506 missi,
1032 3429 1273 3493 descenderunt
1297 3429 1345 3491 in·

179 3532 313 3594 numeri.
375 3531 530 3595 Altisona
552 3552 685 3614 quoque
707 3532 908 3609 carminalia,
930 3542 964 3596 et
986 3533 1083 3595 valde
1105 3533 1218 3595 suavia
1234 3531 1344 3595 audivi

177 3635 402 3716 angelicorum
419 3646 565 3700 coetuum
582 3637 711 3700 cantica
726 3638 844 3700 eodem
861 3647 1033 3700 momento
1047 3636 1245 3719 egressionis
1260 3636 1346 3698 inter

177 3739 345 3820 angelicos
376 3749 500 3802 sanctae
530 3741 632 3822 ipsius
662 3741 782 3803 animae
813 3742 1029 3804 ascendentes
1059 3740 1184 3803 'choros
1245 3740 1344 3803 Hanc

176 3845 361 3926 angelicam
379 3843 679 3908 manifestationem
697 3844 874 3928 Virgnous,
890 3856 926 3908 ut
942 3845 1138 3926 praedictum
1155 3853 1215 3921 est,
1229 3845 1286 3925 qui
1302 3843 1346 3907 ab

177 3967 234 4009 ore
250 3947 353 4009 sancti
371 3947 457 4009 illius
480 3948 567 4010 senis
589 3948 641 4011 cui
665 3949 809 4012 revelata
831 3957 911 4025 erat,
927 3948 1152 4012 indubitanter
1177 3948 1346 4027 didicerat,

210 4316 219 4342 1
234 4303 265 4352 Α.
280 4302 359 4352 scotia
371 4312 535 4368 nuncupatur,
550 4304 579 4354 B.
594 4303 661 4354 Cott.

211 4413 222 4438 2
237 4400 353 4449 Meadow
365 4400 394 4449 of
402 4401 444 4451 the
457 4401 631 4452 Whitebaael.

212 4498 363 4555 stallehani.
380 4501 409 4548 Α.

213 4613 224 4646 4
239 4598 292 4649 Not
306 4599 403 4663 Pergus
417 4599 476 4660 Brit,
492 4599 535 4649 thu
548 4600 629 4649 fourth
641 4601 727 4650 Abbot
739 4599 769 4650 of
778 4600 829 4664 liy,
844 4601 888 4652 but
900 4602 1011 4654 another.
