3226 5520
609 493 919 567 COLUMBAE.
1288 496 1348 586 103

185 704 327 770 Sanctus
354 714 425 770 tum
452 705 499 768 sic
527 705 697 788 profatur:
731 706 884 772 Sulsurea
909 708 952 771 de
978 708 1064 771 coelo
1090 707 1226 773 flamma
1250 728 1351 792 super

184 808 328 873 Romani
349 809 433 892 juris
455 810 633 887 civitatem,
648 811 735 876 intra
760 811 868 876 ltaliae
884 813 1042 877 terminos
1067 812 1176 890 sitam,
1192 813 1254 876 hac
1269 813 1351 877 hora

183 911 287 978 effusa
316 922 387 993 est;
424 914 553 999 triaque
582 915 685 980 ferme
716 915 819 979 millia
848 917 1002 995 virorum,
1032 927 1176 1000 excepto
1206 925 1350 981 matrum

183 1037 427 1101 puerorumque
457 1038 604 1097 numero,
633 1019 860 1102 disperierunt
910 1020 955 1084 Et
988 1030 1168 1105 antequam
1205 1041 1352 1104 praesens

184 1120 316 1186 finiatur
338 1143 454 1198 annus,
477 1123 596 1189 Gallici
620 1134 739 1202 nautae,
762 1125 805 1188 de
823 1124 1006 1190 Galliarum
1029 1126 1206 1208 provinciis
1228 1126 1352 1189 adven-

183 1234 301 1305 tantes,
316 1226 388 1290 haec
412 1229 529 1291 eadem
554 1228 615 1292 tibi
640 1229 847 1293 enarrabunt
894 1229 981 1314 Quae
1005 1230 1105 1294 verba
1124 1238 1200 1313 post
1224 1229 1352 1313 aliquot

184 1349 314 1394 menses
328 1331 472 1396 veridica
487 1331 588 1397 luisse
602 1342 681 1397 sunt
701 1334 925 1417 comprobata
973 1334 1061 1398 Nam
1078 1335 1167 1398 idem
1185 1334 1352 1417 Lugbeus‚

183 1433 281 1498 simul
296 1454 372 1499 cum
389 1445 505 1500 sancto
519 1437 590 1501 viro
605 1437 648 1501 ad
665 1435 776 1520 Caput
798 1437 976 1520 Regionis²
993 1457 1145 1520 pergens,
1161 1437 1351 1501 nauclerum

182 1547 217 1603 et
243 1548 362 1602 nautas
387 1541 598 1605 adventantis
624 1541 732 1605 barca
759 1542 975 1625 interrogans,
1004 1542 1051 1605 sic
1080 1542 1194 1606 omnia
1223 1541 1280 1605 illa
1309 1542 1353 1606 de

182 1643 317 1707 civitate
343 1664 419 1708 cum
445 1645 572 1711 civibus
598 1645 642 1711 ab
664 1647 711 1710 eis
733 1647 828 1710 audit
847 1655 1010 1725 enarrata,
1032 1647 1353 1729 quemadmoduma

183 1748 386 1830 predicabili
401 1749 472 1813 viro
486 1760 564 1815 sunt
580 1750 746 1834 praedicta

560 2137 587 2204 C
601 2138 634 2202 A
648 2138 673 2202 P
686 2139 762 2205 UT
803 2139 887 2222 >tx
900 2139 914 2202 1
928 2139 981 2205 X.

327 2325 380 2391 Dc
402 2325 580 2390 ἰαίνων
595 2326 673 2411 filio
694 2327 879 2392 Feradaclri
897 2326 996 2392 Beati
1017 2327 1099 2392 νίεἱο
1128 2327 1208 2394 Vin'.

184 2511 354 2596 QUADAM
370 2511 512 2579 brumali
526 2524 561 2579 et
576 2514 673 2580 valde
689 2514 808 2600 frigida
823 2517 878 2581 die
894 2515 1047 2596 Sanctus,
1059 2535 1183 2599 magno
1198 2515 1353 2580 molesta·
1382 2561 1387 2570 -

184 2625 238 2681 tus
251 2636 397 2695 maerore‚
409 2617 507 2684 flevit
547 2617 656 2702 Quem
670 2640 749 2685 suus
762 2619 966 2685 ministrator
978 2620 1187 2697 Diormitius,
1199 2620 1242 2684 de
1253 2640 1354 2684 causa

184 2720 390 2805 interrogans
406 2722 580 2803 maestitiae‚
595 2724 658 2788 hoc
674 2725 717 2789 ab
736 2745 778 2789 eo
800 2744 994 2808 responsum
1018 2725 1166 2807 accepit:
1192 2723 1270 2790 Non
1293 2724 1353 2788 im·

185 2826 312 2903 merito,
339 2824 370 2892 Ο
402 2824 510 2906 filiole,
539 2847 603 2912 ego
632 2827 696 2892 hac
726 2828 760 2892 in
790 2829 872 2893 hora
901 2829 1086 2905 contristor,
1117 2848 1210 2892 meos
1238 2828 1355 2892 videns

185 2928 375 3009 monachos,
390 2951 474 3014 quos
490 2932 670 2996 Laisranus
685 2951 773 2995 nunc
795 2933 887 3016 gravi
903 2931 1060 3015 fatigatos
1076 2930 1188 2995 labore
1205 2931 1237 2995 in
1254 2930 1354 2995 alicu·

181 3033 237 3118 jus
253 3034 388 3118 majoris
403 3035 542 3100 domus²
560 3036 684 3101 fabrica
700 3036 856 3100 molestat
869 3058 876 3115 ;
891 3056 966 3120 quae
983 3034 1064 3100 mihi
1079 3035 1177 3099 valde
1193 3034 1354 3118 displicet.

186 3137 309 3202 Mirum
332 3139 443 3203 dictul
477 3142 595 3205 eodem
621 3149 793 3205 momento
816 3140 907 3203 horae
933 3140 1112 3204 Laisranus
1139 3139 1293 3203 habitans
1321 3140 1355 3203 in

186 3244 387 3307 monasterio
411 3243 571 3309 Roboreti
596 3244 738 3328 Campi‚³
759 3244 1011 3328 quodammodo
1034 3255 1177 3322 coactus,
1201 3253 1236 3308 et
1260 3243 1355 3326 quasi

184 3347 330 3429 quadam
354 3360 454 3429 pyra⁴
477 3348 673 3414 intrinsecus
694 3368 880 3425 succensus,
897 3348 994 3432 jubet
1010 3349 1192 3412 monachos
1207 3368 1227 3412 a
1243 3347 1356 3411 labore

184 3470 321 3528 cessare,
344 3450 556 3536 aliquamque
579 3453 783 3517 cibationum
807 3451 1069 3516 consolationem
1094 3452 1296 3535 praeparari3
1322 3461 1356 3517 et

185 3575 252 3619 non
268 3555 376 3620 solum
393 3557 425 3619 in
442 3558 559 3621 eadem
572 3559 627 3622 die
638 3558 744 3634 otiari,
759 3556 818 3620 sed
834 3566 868 3620 et
883 3556 917 3619 in
934 3555 1061 3620 caeteris
1073 3575 1200 3638 asperae
1212 3565 1356 3638 tempes-

184 3659 263 3723 tatis
278 3658 395 3723 diebus
411 3660 621 3743 requiescere
667 3660 753 3745 Quae
769 3660 870 3724 verba
891 3661 935 3725 ad
959 3659 1074 3724 iratres
1090 3658 1319 3736 consolatoria,
1335 3678 1357 3722 a

187 3763 348 3827 Laisrano
363 3764 462 3840 dicta,
479 3765 622 3830 Sanctus
638 3765 670 3828 in
687 3765 804 3848 spiritu
817 3765 956 3828 audiens
972 3763 1050 3827 flere
1065 3764 1215 3842 cessavit,
1230 3773 1264 3826 et
1281 3762 1357 3826 mir·

185 3867 316 3931 abiliter
330 3869 464 3950 gavisus
479 3869 550 3951 ipse
573 3869 606 3932 in
631 3870 714 3933 Iona
737 3869 845 3933 insula
865 3887 1090 3945 commanens,
1114 3865 1277 3945 iratribus,
1299 3867 1356 3951 qui

185 3972 228 4035 ad
244 3992 391 4055 praesens
406 3973 545 4050 inerant,
560 3993 619 4056 per
635 3974 750 4038 omnia
773 3974 948 4051 enarravit,
969 3983 1004 4037 et
1028 3971 1224 4036 Laisranum
1241 3990 1358 4035 mona·

184 4074 322 4139 chorum
344 4074 519 4141 benedixit
538 4077 789 4142 consolatorem.

218 4288 229 4315 ²
359 4312 365 4326 .

219 4275 398 4410 rffillvzd,
414 4358 482 4410 third
499 4359 576 4410 abbot
596 4360 626 4411 oi
642 4360 694 4425 Hy,
709 4357 826 4427 598=606.
864 4358 915 4408 His
931 4358 1012 4408 father
1028 4373 1080 4408 vm
1099 4356 1152 4407 first
1169 4354 1257 4407 cousin
1274 4355 1304 4405 oi
1318 4356 1355 4407 St

184 4440 318 4491 Columba.
712 4455 723 4483 ⁸
738 4439 861 4502 seem..
879 4450 916 4506 15,
930 4439 1009 4506 infra.

218 4522 311 4573 sNovr
322 4523 431 4574 Durrovr
442 4523 469 4574 in
481 4522 572 4590 King's
583 4524 693 4590 County.
729 4524 777 4576 Sec
790 4522 823 4584 l..
837 4535 861 4588 3,
874 4534 908 4586 49
918 4539 927 4584 3
944 4521 1029 4583 11..2‚
1045 4520 1096 4587 3⁶3
1113 4519 1177 4582 mn
1193 4529 1231 4584 ¹⁵·

217 4619 230 4654 4
245 4606 294 4656 For
311 4608 376 4670 igni.
