3226 5520
302 482 362 565 198
575 477 721 546 VITA
761 476 1065 545 ll.-LIBER
1103 474 1192 543 111.

703 773 775 841 CA
788 775 813 839 P
827 772 904 841 UT
942 773 976 839 X
988 772 1022 838 X
1037 771 1065 838 1.

516 966 568 1032 Dc
588 966 659 1033 alia
673 966 783 1052 parili
802 965 924 1032 divina
944 965 1026 1031 lunt
1045 962 1258 1049 apparitione.

301 1154 399 1222 Auo
415 1157 531 1222 itidem
547 1156 580 1221 in
597 1168 756 1240 tempore,
767 1156 816 1220 vir
831 1157 949 1221 beatus
964 1155 1096 1220 cuidam
1112 1173 1173 1219 suo
1186 1152 1408 1239 sapientiam
1425 1152 1498 1217 dis·

300 1262 388 1326 centi
398 1261 542 1340 alumno,
552 1262 687 1326 nomine
700 1261 880 1339 Berchano,
889 1260 983 1344 cujus
994 1268 1271 1344 cognomentum¹
1288 1257 1491 1335 Mesloen,¹

300 1384 366 1427 non
394 1366 602 1430 mediocriter
627 1365 772 1449 quadam
799 1364 1012 1429 denunciavit
1038 1364 1101 1441 die,
1127 1362 1310 1445 inquiens:
1344 1361 1495 1438 Caveto,

301 1467 356 1546 fili,
371 1489 413 1532 ne
428 1469 490 1533 hac
507 1470 657 1553 sequenti
674 1478 781 1543 nocte,
800 1468 900 1551 juxta
923 1478 1015 1532 tuam
1039 1486 1169 1549 semper
1183 1465 1494 1542 consuetudinem,

301 1573 344 1637 ad
361 1593 472 1638 meum
488 1573 735 1658 appropinques
750 1571 974 1654 hospitiolum.
1019 1570 1087 1653 Qui
1102 1569 1175 1633 haec
1191 1568 1350 1646 audiens,
1366 1578 1493 1633 contra

303 1677 524 1755 interdictum,
540 1679 581 1740 ad
599 1678 737 1740 domum
753 1676 843 1740 beati
864 1675 935 1753 viri,
956 1675 990 1738 in
1014 1674 1121 1738 noctis
1135 1673 1279 1752 silentio,
1292 1672 1376 1737 aliis
1391 1674 1490 1757 quie·

301 1781 478 1860 scentibus,
494 1782 642 1858 accessit,
663 1780 848 1863 callideque
870 1779 1059 1862 explorans,
1082 1776 1197 1841 oculos
1222 1796 1243 1841 e
1268 1776 1416 1861 regione
1441 1776 1488 1842 ad

302 1884 445 1948 clavium
462 1883 624 1947 foramina
640 1884 760 1967 posuit,
775 1883 945 1947 aestimans
967 1881 1101 1959 scilicet,
1115 1889 1153 1945 ut
1168 1899 1219 1943 res
1234 1879 1407 1964 probavit,
1423 1880 1487 1945 ali·

302 2008 404 2071 quam
415 1988 504 2052 intus
516 1989 685 2052 coelestem
697 1988 858 2052 visionem
869 1987 995 2053 Sancto
1008 1983 1218 2050 manifestari
1250 1984 1345 2049 Nam
1357 1985 1484 2051 eadem

302 2091 384 2156 hora
398 2091 488 2156 beati
503 2092 564 2156 viri
580 2091 661 2156 illud
677 2092 892 2176 hospitiolum
907 2090 1051 2155 coelestis
1074 2088 1250 2174 splendore
1264 2088 1485 2155 claritudinis

302 2204 374 2259 erat
389 2195 571 2278 repletum:
586 2216 687 2278 quam
704 2215 771 2259 non
783 2195 950 2259 sustinens
965 2195 1093 2272 intueri,
1105 2203 1330 2277 transgressor
1342 2194 1485 2278 juvenis

303 2299 391 2364 illico
417 2298 553 2382 aufugit
600 2299 709 2383 Quem
736 2299 790 2362 die
816 2299 968 2375 crastina,
996 2297 1139 2364 Sanctus
1164 2316 1313 2363 seorsum
1340 2298 1484 2381 ducens,

304 2424 379 2468 cum
397 2423 520 2485 magna
535 2404 710 2467 severitate
733 2402 922 2484 objurgans,
944 2401 1016 2465 haec
1038 2402 1081 2466 ad
1104 2420 1180 2465 eum
1198 2402 1352 2485 profatur
1367 2404 1483 2484 verba,

303 2508 438 2574 dicens:
463 2507 539 2570 Hac
555 2507 588 2571 in
605 2515 712 2584 nocte,
727 2505 783 2584 fili,
797 2526 909 2570 coram
934 2506 1009 2568 Deo
1025 2506 1180 2588 peccasti,
1194 2524 1273 2570 nam
1289 2516 1361 2571 tuae
1377 2507 1483 2573 infiti-

303 2611 364 2677 alis
386 2610 653 2694 explorationem
676 2609 867 2673 calliditatis
889 2630 909 2672 a
932 2608 1058 2692 Spiritu
1082 2608 1208 2675 Sancto
1229 2610 1329 2674 celari
1348 2611 1404 2676 vel
1419 2613 1484 2677 ab·

304 2717 419 2781 scondi
435 2735 533 2799 posse
549 2715 690 2779 inaniter
706 2714 838 2798 putasti.
885 2712 1006 2778 Nonne
1021 2714 1064 2778 ad
1081 2714 1146 2778 mei
1161 2714 1284 2779 ostium
1302 2714 1483 2800 hospitioli

303 2829 338 2885 te
349 2819 406 2884 illa
417 2820 450 2883 in
463 2819 545 2883 hora
556 2819 881 2902 appropinquantem
894 2826 928 2881 et
940 2818 1017 2883 inde
1028 2818 1222 2883 redeuntem
1233 2818 1321 2884 vidi?
1353 2820 1403 2885 Et
1415 2822 1483 2887 nisi

303 2944 368 3008 ego
382 2924 500 2988 eodem
518 2932 690 2987 momento
712 2944 773 3006 pro
796 2933 830 2987 te
854 2943 992 3001 orarem,
1014 2922 1138 2987 ibidem
1161 2932 1240 2989 ante
1250 2923 1406 3007 januam,
1419 2938 1485 2995 aut

304 3032 427 3094 cadens
443 3028 623 3105 morereris,
638 3037 697 3090 aut
720 3027 767 3091 tui
783 3028 826 3090 de
849 3027 916 3091 suis
940 3026 1155 3090 foraminibus
1172 3027 1257 3093 oculi
1273 3041 1482 3098 eruerentur.

306 3134 372 3199 Sed
390 3133 449 3197 tibi
466 3132 528 3195 hac
543 3132 614 3194 vice
630 3141 764 3213 propter
781 3153 834 3194 me
850 3131 1017 3196 Dominus
1040 3132 1194 3214 pepercit
1241 3133 1286 3197 Et
1301 3133 1367 3197 hoc
1384 3137 1483 3215 scito,

303 3238 392 3321 quod
410 3237 442 3298 in
459 3246 516 3299 tua
534 3234 821 3316 Hibernili'patria
845 3235 1014 3298 luxuriose
1036 3237 1158 3312 vivens,
1178 3237 1481 3318 exprobrationem

305 3342 405 3404 facies
420 3350 477 3404 tua
500 3339 655 3402 omnibus
679 3339 822 3420 patietur
844 3339 961 3402 diebus
985 3340 1063 3403 vitae
1089 3351 1164 3403 tuae.
1212 3340 1288 3404 Hoc
1315 3350 1433 3407 tamen
1460 3366 1482 3409 a

306 3444 454 3508 Domino
480 3463 578 3505 orans
606 3443 788 3524 impetravi,
812 3452 848 3506 ut
875 3443 952 3524 quia
980 3452 1091 3505 noster
1117 3443 1161 3505 sis
1186 3442 1342 3508 alumnus
1370 3445 1482 3531 lacry-

306 3569 433 3612 mosam
447 3557 524 3610 ante
537 3546 666 3610 exitum
679 3567 759 3628 agas
772 3546 1024 3629 poenitudinem,
1039 3557 1073 3610 et
1088 3567 1108 3609 a
1125 3548 1199 3611 Deo
1215 3548 1481 3615 misericordiam

305 3652 525 3734 consequaris.
571 3652 656 3735 Quae
680 3651 802 3729 omnia,
825 3653 1006 3715 secundum
1030 3650 1167 3715 verbum
1190 3650 1278 3715 beati
1296 3653 1366 3731 viri,
1384 3654 1433 3719 ita
1449 3655 1481 3720 ei

305 3768 423 3840 postea
437 3756 656 3838 contigerunt,
672 3756 767 3819 sicuti
784 3755 826 3818 de
842 3775 882 3818 eo
898 3755 1096 3839 prophetata
1111 3764 1196 3820 sunt

741 4111 901 4178 CAPUT
928 4114 1045 4178 XXII.

305 4305 358 4368 De
378 4303 447 4367 alia
472 4303 658 4386 augelorum
684 4303 803 4368 Sancto
826 4305 1037 4386 manifestata
1070 4304 1148 4370 Viro
1168 4307 1377 4389 apparitrone,
1399 4332 1481 4392 quos

340 4505 395 4556 ¹A.
411 4506 479 4557 cou.
494 4515 669 4573 cognomento,
683 4509 712 4559 B.

337 4589 395 4643 Ἀ.
409 4590 478 4643 Cott.
491 4591 609 4655 molloen,
629 4592 657 4645 B.
672 4591 786 4654 neloer,
800 4590 872 4659 Colg.
887 4591 951 4647 Bou
