<?xml version="1.0" encoding="UTF-8"?>
<!DOCTYPE html PUBLIC "-//W3C//DTD XHTML 1.0 Transitional//EN"
    "http://www.w3.org/TR/xhtml1/DTD/xhtml1-transitional.dtd">
<html xmlns="http://www.w3.org/1999/xhtml" xml:lang="en" lang="en">
 <head>
  <title>
</title>
<meta http-equiv="Content-Type" content="text/html;charset=utf-8" />
  <meta name='ocr-system' content='tesseract 3.04.00' />
  <meta name='ocr-capabilities' content='ocr_page ocr_carea ocr_par ocr_line ocrx_word'/>
</head>
<body>
  <div class='ocr_page' id='page_1' title='image "./pinkertonslives00pinkgoog_0226.png"; bbox 0 0 3226 5520; ppageno 0'>
   <div class='ocr_carea' id='block_1_1' title="bbox 634 466 1370 580">
    <p class='ocr_par' dir='ltr' id='par_1_1' title="bbox 634 466 1370 580">
     <span class='ocr_line' id='line_1_1' title="bbox 634 466 1370 580; baseline 0.01 -24"><span class='ocrx_word' id='word_1_1' title='bbox 634 466 946 556; x_wconf 65' lang='lat' dir='ltr'>eorumne.</span> <span class='ocrx_word' id='word_1_2' title='bbox 1313 479 1370 580; x_wconf 77' lang='grc' dir='ltr'>ι’σς</span> 
     </span>
    </p>
   </div>
   <div class='ocr_carea' id='block_1_2' title="bbox 201 696 1376 3387">
    <p class='ocr_par' dir='ltr' id='par_1_2' title="bbox 201 696 1376 2967">
     <span class='ocr_line' id='line_1_2' title="bbox 204 696 1374 786; baseline 0.004 -24"><span class='ocrx_word' id='word_1_3' title='bbox 204 698 344 762; x_wconf 90' lang='lat' dir='ltr'>devotus</span> <span class='ocrx_word' id='word_1_4' title='bbox 360 696 457 762; x_wconf 90' lang='lat' dir='ltr'>vovit</span> <span class='ocrx_word' id='word_1_5' title='bbox 504 697 550 762; x_wconf 88' lang='lat' dir='ltr'>Et</span> <span class='ocrx_word' id='word_1_6' title='bbox 567 716 643 761; x_wconf 92' lang='lat' dir='ltr'>cum</span> <span class='ocrx_word' id='word_1_7' title='bbox 659 717 679 763; x_wconf 92' lang='lat' dir='ltr'>a</span> <span class='ocrx_word' id='word_1_8' title='bbox 694 705 810 764; x_wconf 91' lang='lat' dir='ltr'>sancto</span> <span class='ocrx_word' id='word_1_9' title='bbox 826 697 897 767; x_wconf 89' lang='lat' dir='ltr'>viro</span> <span class='ocrx_word' id='word_1_10' title='bbox 918 700 961 764; x_wconf 89' lang='lat' dir='ltr'>ad</span> <span class='ocrx_word' id='word_1_11' title='bbox 985 700 1244 782; x_wconf 89' lang='lat' dir='ltr'>monasterium,⁷</span> <span class='ocrx_word' id='word_1_12' title='bbox 1258 701 1291 767; x_wconf 92' lang='lat' dir='ltr'>in</span> <span class='ocrx_word' id='word_1_13' title='bbox 1307 722 1374 786; x_wconf 90' lang='lat' dir='ltr'>quo</span> 
     </span>
     <span class='ocr_line' id='line_1_3' title="bbox 204 786 1374 886; baseline 0.006 -21"><span class='ocrx_word' id='word_1_14' title='bbox 204 803 294 885; x_wconf 88' lang='lat' dir='ltr'>prius</span> <span class='ocrx_word' id='word_1_15' title='bbox 308 811 436 886; x_wconf 85' lang='lat' dir='ltr'><strong>septem</strong></span> <span class='ocrx_word' id='word_1_16' title='bbox 454 801 550 866; x_wconf 89' lang='lat' dir='ltr'>annis</span> <span class='ocrx_word' id='word_1_17' title='bbox 566 802 732 886; x_wconf 81' lang='lat' dir='ltr'>poenitens</span> <span class='ocrx_word' id='word_1_18' title='bbox 746 804 893 868; x_wconf 90' lang='lat' dir='ltr'>Domino</span> <span class='ocrx_word' id='word_1_19' title='bbox 909 786 1049 885; x_wconf 81' lang='lat' dir='ltr'>servivit,</span> <span class='ocrx_word' id='word_1_20' title='bbox 1062 807 1291 886; x_wconf 85' lang='lat' dir='ltr'>remitteretur,</span> <span class='ocrx_word' id='word_1_21' title='bbox 1302 807 1374 872; x_wconf 83' lang='lat' dir='ltr'>haec</span> 
     </span>
     <span class='ocr_line' id='line_1_4' title="bbox 204 905 1375 992; baseline 0.008 -23"><span class='ocrx_word' id='word_1_22' title='bbox 204 906 302 971; x_wconf 87' lang='lat' dir='ltr'>abeo</span> <span class='ocrx_word' id='word_1_23' title='bbox 316 905 511 990; x_wconf 89' lang='lat' dir='ltr'>prophetica</span> <span class='ocrx_word' id='word_1_24' title='bbox 527 907 569 970; x_wconf 91' lang='lat' dir='ltr'>de</span> <span class='ocrx_word' id='word_1_25' title='bbox 584 926 620 970; x_wconf 91' lang='lat' dir='ltr'>se</span> <span class='ocrx_word' id='word_1_26' title='bbox 635 907 764 990; x_wconf 90' lang='lat' dir='ltr'>prolata</span> <span class='ocrx_word' id='word_1_27' title='bbox 779 909 907 992; x_wconf 91' lang='lat' dir='ltr'>accepit</span> <span class='ocrx_word' id='word_1_28' title='bbox 930 909 1031 975; x_wconf 89' lang='lat' dir='ltr'>verba</span> <span class='ocrx_word' id='word_1_29' title='bbox 1045 910 1270 978; x_wconf 86' lang='lat' dir='ltr'>valedicente:</span> <span class='ocrx_word' id='word_1_30' title='bbox 1293 912 1375 978; x_wconf 92' lang='lat' dir='ltr'>Vita</span> 
     </span>
     <span class='ocr_line' id='line_1_5' title="bbox 203 1010 1372 1099; baseline 0.007 -25"><span class='ocrx_word' id='word_1_31' title='bbox 203 1011 293 1075; x_wconf 92' lang='lat' dir='ltr'>vives</span> <span class='ocrx_word' id='word_1_32' title='bbox 309 1011 417 1095; x_wconf 90' lang='lat' dir='ltr'>longa,</span> <span class='ocrx_word' id='word_1_33' title='bbox 433 1021 467 1076; x_wconf 93' lang='lat' dir='ltr'>et</span> <span class='ocrx_word' id='word_1_34' title='bbox 483 1011 515 1074; x_wconf 90' lang='lat' dir='ltr'>in</span> <span class='ocrx_word' id='word_1_35' title='bbox 534 1010 621 1075; x_wconf 91' lang='lat' dir='ltr'>bona</span> <span class='ocrx_word' id='word_1_36' title='bbox 638 1021 808 1078; x_wconf 88' lang='lat' dir='ltr'>senectute</span> <span class='ocrx_word' id='word_1_37' title='bbox 823 1014 926 1079; x_wconf 92' lang='lat' dir='ltr'>vitam</span> <span class='ocrx_word' id='word_1_38' title='bbox 950 1015 1144 1079; x_wconf 87' lang='lat' dir='ltr'>terminabis</span> <span class='ocrx_word' id='word_1_39' title='bbox 1166 1026 1372 1099; x_wconf 71' lang='lat' dir='ltr'>praesentem.</span> 
     </span>
     <span class='ocr_line' id='line_1_6' title="bbox 203 1115 1374 1206; baseline 0.008 -28"><span class='ocrx_word' id='word_1_40' title='bbox 203 1115 366 1180; x_wconf 83' lang='lat' dir='ltr'>Attamen</span> <span class='ocrx_word' id='word_1_41' title='bbox 397 1136 463 1179; x_wconf 92' lang='lat' dir='ltr'>non</span> <span class='ocrx_word' id='word_1_42' title='bbox 487 1115 520 1178; x_wconf 92' lang='lat' dir='ltr'>in</span> <span class='ocrx_word' id='word_1_43' title='bbox 547 1115 741 1193; x_wconf 85' lang='lat' dir='ltr'>Brittannia,</span> <span class='ocrx_word' id='word_1_44' title='bbox 767 1118 825 1181; x_wconf 90' lang='lat' dir='ltr'>sed</span> <span class='ocrx_word' id='word_1_45' title='bbox 856 1117 889 1181; x_wconf 92' lang='lat' dir='ltr'>in</span> <span class='ocrx_word' id='word_1_46' title='bbox 917 1116 1040 1196; x_wconf 90' lang='lat' dir='ltr'>Scotia,</span> <span class='ocrx_word' id='word_1_47' title='bbox 1070 1139 1228 1204; x_wconf 85' lang='lat' dir='ltr'>resurges.</span> <span class='ocrx_word' id='word_1_48' title='bbox 1273 1120 1374 1206; x_wconf 86' lang='lat' dir='ltr'>Quod</span> 
     </span>
     <span class='ocr_line' id='line_1_7' title="bbox 202 1218 1374 1308; baseline 0.004 -24"><span class='ocrx_word' id='word_1_49' title='bbox 202 1220 339 1284; x_wconf 90' lang='lat' dir='ltr'>verbum</span> <span class='ocrx_word' id='word_1_50' title='bbox 363 1220 510 1297; x_wconf 89' lang='lat' dir='ltr'>audiens,</span> <span class='ocrx_word' id='word_1_51' title='bbox 530 1218 627 1283; x_wconf 87' lang='lat' dir='ltr'>flexis</span> <span class='ocrx_word' id='word_1_52' title='bbox 650 1221 799 1304; x_wconf 86' lang='lat' dir='ltr'>genibus,</span> <span class='ocrx_word' id='word_1_53' title='bbox 818 1241 930 1286; x_wconf 90' lang='lat' dir='ltr'>amare</span> <span class='ocrx_word' id='word_1_54' title='bbox 952 1222 1049 1288; x_wconf 87' lang='lat' dir='ltr'>flevit</span> <span class='ocrx_word' id='word_1_55' title='bbox 1096 1223 1207 1308; x_wconf 86' lang='lat' dir='ltr'>Quem</span> <span class='ocrx_word' id='word_1_56' title='bbox 1231 1224 1374 1292; x_wconf 87' lang='lat' dir='ltr'>Sanctus</span> 
     </span>
     <span class='ocr_line' id='line_1_8' title="bbox 203 1323 1376 1413; baseline 0.006 -25"><span class='ocrx_word' id='word_1_57' title='bbox 203 1323 300 1388; x_wconf 92' lang='lat' dir='ltr'>valde</span> <span class='ocrx_word' id='word_1_58' title='bbox 316 1335 469 1388; x_wconf 83' lang='lat' dir='ltr'>maestum</span> <span class='ocrx_word' id='word_1_59' title='bbox 486 1324 611 1403; x_wconf 90' lang='lat' dir='ltr'>videns,</span> <span class='ocrx_word' id='word_1_60' title='bbox 626 1326 788 1390; x_wconf 88' lang='lat' dir='ltr'>consolari</span> <span class='ocrx_word' id='word_1_61' title='bbox 812 1328 914 1411; x_wconf 88' lang='lat' dir='ltr'>coepit</span> <span class='ocrx_word' id='word_1_62' title='bbox 937 1327 1070 1392; x_wconf 92' lang='lat' dir='ltr'>dicens:</span> <span class='ocrx_word' id='word_1_63' title='bbox 1097 1328 1212 1413; x_wconf 85' lang='lat' dir='ltr'>Surge,</span> <span class='ocrx_word' id='word_1_64' title='bbox 1227 1339 1261 1395; x_wconf 89' lang='lat' dir='ltr'>et</span> <span class='ocrx_word' id='word_1_65' title='bbox 1282 1329 1376 1395; x_wconf 85' lang='lat' dir='ltr'>noles</span> 
     </span>
     <span class='ocr_line' id='line_1_9' title="bbox 203 1426 1374 1512; baseline 0.004 -19"><span class='ocrx_word' id='word_1_66' title='bbox 203 1426 387 1493; x_wconf 85' lang='lat' dir='ltr'>tristificari.</span> <span class='ocrx_word' id='word_1_67' title='bbox 434 1428 474 1493; x_wconf 90' lang='lat' dir='ltr'>In</span> <span class='ocrx_word' id='word_1_68' title='bbox 498 1447 566 1494; x_wconf 92' lang='lat' dir='ltr'>uno</span> <span class='ocrx_word' id='word_1_69' title='bbox 590 1447 739 1494; x_wconf 89' lang='lat' dir='ltr'>meorum</span> <span class='ocrx_word' id='word_1_70' title='bbox 758 1431 907 1495; x_wconf 91' lang='lat' dir='ltr'>morieris</span> <span class='ocrx_word' id='word_1_71' title='bbox 923 1433 1221 1512; x_wconf 72' lang='lat' dir='ltr'>monasteriorum,³</span> <span class='ocrx_word' id='word_1_72' title='bbox 1243 1441 1374 1498; x_wconf 92' lang='lat' dir='ltr'>etcum</span> 
     </span>
     <span class='ocr_line' id='line_1_10' title="bbox 203 1533 1373 1623; baseline 0.004 -26"><span class='ocrx_word' id='word_1_73' title='bbox 203 1533 316 1598; x_wconf 88' lang='lat' dir='ltr'>electis</span> <span class='ocrx_word' id='word_1_74' title='bbox 338 1534 400 1598; x_wconf 90' lang='lat' dir='ltr'>erit</span> <span class='ocrx_word' id='word_1_75' title='bbox 422 1554 498 1617; x_wconf 89' lang='lat' dir='ltr'>pars</span> <span class='ocrx_word' id='word_1_76' title='bbox 522 1543 579 1598; x_wconf 91' lang='lat' dir='ltr'>tua</span> <span class='ocrx_word' id='word_1_77' title='bbox 603 1535 686 1598; x_wconf 92' lang='lat' dir='ltr'>meis</span> <span class='ocrx_word' id='word_1_78' title='bbox 709 1535 742 1598; x_wconf 92' lang='lat' dir='ltr'>in</span> <span class='ocrx_word' id='word_1_79' title='bbox 766 1555 868 1618; x_wconf 88' lang='lat' dir='ltr'>regno</span> <span class='ocrx_word' id='word_1_80' title='bbox 892 1535 1084 1615; x_wconf 90' lang='lat' dir='ltr'>monachis;</span> <span class='ocrx_word' id='word_1_81' title='bbox 1103 1557 1178 1601; x_wconf 90' lang='lat' dir='ltr'>cum</span> <span class='ocrx_word' id='word_1_82' title='bbox 1194 1537 1314 1623; x_wconf 81' lang='lat' dir='ltr'>quibus</span> <span class='ocrx_word' id='word_1_83' title='bbox 1340 1537 1373 1602; x_wconf 91' lang='lat' dir='ltr'>in</span> 
     </span>
     <span class='ocr_line' id='line_1_11' title="bbox 203 1638 1376 1729; baseline 0.004 -28"><span class='ocrx_word' id='word_1_84' title='bbox 203 1639 474 1702; x_wconf 89' lang='lat' dir='ltr'>resurrectionem</span> <span class='ocrx_word' id='word_1_85' title='bbox 487 1639 565 1703; x_wconf 88' lang='lat' dir='ltr'>vitae</span> <span class='ocrx_word' id='word_1_86' title='bbox 581 1638 623 1703; x_wconf 93' lang='lat' dir='ltr'>de</span> <span class='ocrx_word' id='word_1_87' title='bbox 639 1658 756 1704; x_wconf 91' lang='lat' dir='ltr'>somno</span> <span class='ocrx_word' id='word_1_88' title='bbox 771 1640 886 1705; x_wconf 89' lang='lat' dir='ltr'>mortis</span> <span class='ocrx_word' id='word_1_89' title='bbox 902 1640 1082 1725; x_wconf 80' lang='lat' dir='ltr'>evigilabis</span> <span class='ocrx_word' id='word_1_90' title='bbox 1111 1641 1233 1726; x_wconf 81' lang='lat' dir='ltr'>⁹Qui,a</span> <span class='ocrx_word' id='word_1_91' title='bbox 1249 1640 1376 1729; x_wconf 89' lang='lat' dir='ltr'>Sancto</span> 
     </span>
     <span class='ocr_line' id='line_1_12' title="bbox 202 1743 1375 1826; baseline 0.003 -20"><span class='ocrx_word' id='word_1_92' title='bbox 202 1752 340 1826; x_wconf 91' lang='lat' dir='ltr'>accepta</span> <span class='ocrx_word' id='word_1_93' title='bbox 362 1762 428 1807; x_wconf 92' lang='lat' dir='ltr'>non</span> <span class='ocrx_word' id='word_1_94' title='bbox 452 1743 609 1808; x_wconf 87' lang='lat' dir='ltr'>mediocri</span> <span class='ocrx_word' id='word_1_95' title='bbox 632 1744 860 1809; x_wconf 88' lang='lat' dir='ltr'>consolatione</span> <span class='ocrx_word' id='word_1_96' title='bbox 877 1744 973 1810; x_wconf 85' lang='lat' dir='ltr'>valde</span> <span class='ocrx_word' id='word_1_97' title='bbox 989 1745 1122 1811; x_wconf 88' lang='lat' dir='ltr'>laetatus</span> <span class='ocrx_word' id='word_1_98' title='bbox 1137 1754 1197 1824; x_wconf 90' lang='lat' dir='ltr'>est,</span> <span class='ocrx_word' id='word_1_99' title='bbox 1208 1754 1243 1810; x_wconf 90' lang='lat' dir='ltr'>et</span> <span class='ocrx_word' id='word_1_100' title='bbox 1259 1745 1375 1812; x_wconf 90' lang='lat' dir='ltr'>Sancti</span> 
     </span>
     <span class='ocr_line' id='line_1_13' title="bbox 202 1848 1375 1933; baseline 0.002 -19"><span class='ocrx_word' id='word_1_101' title='bbox 202 1848 434 1914; x_wconf 90' lang='lat' dir='ltr'>benedictione</span> <span class='ocrx_word' id='word_1_102' title='bbox 449 1848 585 1928; x_wconf 92' lang='lat' dir='ltr'>ditatus,</span> <span class='ocrx_word' id='word_1_103' title='bbox 600 1849 634 1912; x_wconf 93' lang='lat' dir='ltr'>in</span> <span class='ocrx_word' id='word_1_104' title='bbox 654 1868 736 1933; x_wconf 90' lang='lat' dir='ltr'>pace</span> <span class='ocrx_word' id='word_1_105' title='bbox 755 1848 909 1932; x_wconf 86' lang='lat' dir='ltr'>perrexit</span> <span class='ocrx_word' id='word_1_106' title='bbox 954 1848 1040 1933; x_wconf 85' lang='lat' dir='ltr'>Quae</span> <span class='ocrx_word' id='word_1_107' title='bbox 1062 1849 1178 1916; x_wconf 87' lang='lat' dir='ltr'>Sancti</span> <span class='ocrx_word' id='word_1_108' title='bbox 1197 1850 1240 1915; x_wconf 91' lang='lat' dir='ltr'>de</span> <span class='ocrx_word' id='word_1_109' title='bbox 1256 1850 1375 1916; x_wconf 85' lang='lat' dir='ltr'>eodem</span> 
     </span>
     <span class='ocr_line' id='line_1_14' title="bbox 202 1951 1376 2038; baseline 0.003 -22"><span class='ocrx_word' id='word_1_110' title='bbox 202 1952 273 2016; x_wconf 93' lang='lat' dir='ltr'>viro</span> <span class='ocrx_word' id='word_1_111' title='bbox 294 1971 398 2015; x_wconf 87' lang='lat' dir='ltr'>verax</span> <span class='ocrx_word' id='word_1_112' title='bbox 420 1960 537 2034; x_wconf 91' lang='lat' dir='ltr'>postea</span> <span class='ocrx_word' id='word_1_113' title='bbox 559 1960 609 2017; x_wconf 92' lang='lat' dir='ltr'>est</span> <span class='ocrx_word' id='word_1_114' title='bbox 632 1951 817 2035; x_wconf 90' lang='lat' dir='ltr'>adimpleta</span> <span class='ocrx_word' id='word_1_115' title='bbox 839 1952 1057 2035; x_wconf 84' lang='lat' dir='ltr'>prophetatio.</span> <span class='ocrx_word' id='word_1_116' title='bbox 1105 1953 1193 2018; x_wconf 91' lang='lat' dir='ltr'>Nam</span> <span class='ocrx_word' id='word_1_117' title='bbox 1217 1973 1293 2018; x_wconf 90' lang='lat' dir='ltr'>cum</span> <span class='ocrx_word' id='word_1_118' title='bbox 1316 1974 1376 2038; x_wconf 91' lang='lat' dir='ltr'>per</span> 
     </span>
     <span class='ocr_line' id='line_1_15' title="bbox 204 2055 1375 2140; baseline 0.003 -20"><span class='ocrx_word' id='word_1_119' title='bbox 204 2055 326 2120; x_wconf 91' lang='lat' dir='ltr'>multos</span> <span class='ocrx_word' id='word_1_120' title='bbox 341 2055 478 2119; x_wconf 91' lang='lat' dir='ltr'>annales</span> <span class='ocrx_word' id='word_1_121' title='bbox 498 2056 609 2138; x_wconf 90' lang='lat' dir='ltr'>cyclos</span> <span class='ocrx_word' id='word_1_122' title='bbox 632 2056 665 2119; x_wconf 91' lang='lat' dir='ltr'>in</span> <span class='ocrx_word' id='word_1_123' title='bbox 690 2055 891 2120; x_wconf 91' lang='lat' dir='ltr'>monasterio</span> <span class='ocrx_word' id='word_1_124' title='bbox 907 2056 1026 2140; x_wconf 90' lang='lat' dir='ltr'>Campi</span> <span class='ocrx_word' id='word_1_125' title='bbox 1043 2055 1162 2140; x_wconf 91' lang='lat' dir='ltr'>Lunge</span> <span class='ocrx_word' id='word_1_126' title='bbox 1177 2065 1254 2140; x_wconf 91' lang='lat' dir='ltr'>post</span> <span class='ocrx_word' id='word_1_127' title='bbox 1269 2057 1375 2124; x_wconf 87' lang='lat' dir='ltr'>sancti</span> 
     </span>
     <span class='ocr_line' id='line_1_16' title="bbox 203 2158 1375 2241; baseline 0.001 -15"><span class='ocrx_word' id='word_1_128' title='bbox 203 2158 377 2226; x_wconf 84' lang='lat' dir='ltr'>Columbae</span> <span class='ocrx_word' id='word_1_129' title='bbox 392 2160 435 2224; x_wconf 91' lang='lat' dir='ltr'>de</span> <span class='ocrx_word' id='word_1_130' title='bbox 451 2159 578 2224; x_wconf 92' lang='lat' dir='ltr'>mundo</span> <span class='ocrx_word' id='word_1_131' title='bbox 598 2159 784 2238; x_wconf 90' lang='lat' dir='ltr'>transitum,</span> <span class='ocrx_word' id='word_1_132' title='bbox 799 2159 993 2225; x_wconf 89' lang='lat' dir='ltr'>obedienter</span> <span class='ocrx_word' id='word_1_133' title='bbox 1016 2159 1164 2225; x_wconf 93' lang='lat' dir='ltr'>Domino</span> <span class='ocrx_word' id='word_1_134' title='bbox 1186 2161 1375 2241; x_wconf 89' lang='lat' dir='ltr'>deserviret,</span> 
     </span>
     <span class='ocr_line' id='line_1_17' title="bbox 202 2262 1375 2348; baseline 0.001 -19"><span class='ocrx_word' id='word_1_135' title='bbox 202 2264 400 2329; x_wconf 83' lang='lat' dir='ltr'>monachis¹⁰</span> <span class='ocrx_word' id='word_1_136' title='bbox 410 2283 471 2348; x_wconf 91' lang='lat' dir='ltr'>pro</span> <span class='ocrx_word' id='word_1_137' title='bbox 481 2266 627 2347; x_wconf 88' lang='lat' dir='ltr'>quadarn</span> <span class='ocrx_word' id='word_1_138' title='bbox 638 2263 862 2329; x_wconf 88' lang='lat' dir='ltr'>monasteriali</span> <span class='ocrx_word' id='word_1_139' title='bbox 874 2264 1018 2330; x_wconf 91' lang='lat' dir='ltr'>utilitate</span> <span class='ocrx_word' id='word_1_140' title='bbox 1028 2266 1071 2330; x_wconf 91' lang='lat' dir='ltr'>ad</span> <span class='ocrx_word' id='word_1_141' title='bbox 1085 2262 1233 2332; x_wconf 92' lang='lat' dir='ltr'>Scotiam</span> <span class='ocrx_word' id='word_1_142' title='bbox 1246 2264 1375 2346; x_wconf 89' lang='lat' dir='ltr'>missus,</span> 
     </span>
     <span class='ocr_line' id='line_1_18' title="bbox 202 2368 1374 2453; baseline 0.002 -20"><span class='ocrx_word' id='word_1_143' title='bbox 202 2368 300 2434; x_wconf 90' lang='lat' dir='ltr'>valde</span> <span class='ocrx_word' id='word_1_144' title='bbox 315 2388 428 2446; x_wconf 87' lang='lat' dir='ltr'>senex,</span> <span class='ocrx_word' id='word_1_145' title='bbox 443 2369 557 2433; x_wconf 90' lang='lat' dir='ltr'>statim</span> <span class='ocrx_word' id='word_1_146' title='bbox 574 2377 611 2433; x_wconf 92' lang='lat' dir='ltr'>ut</span> <span class='ocrx_word' id='word_1_147' title='bbox 626 2368 668 2433; x_wconf 88' lang='lat' dir='ltr'>de</span> <span class='ocrx_word' id='word_1_148' title='bbox 685 2369 760 2433; x_wconf 88' lang='lat' dir='ltr'>navi</span> <span class='ocrx_word' id='word_1_149' title='bbox 776 2369 957 2447; x_wconf 85' lang='lat' dir='ltr'>descendit,</span> <span class='ocrx_word' id='word_1_150' title='bbox 972 2388 1113 2453; x_wconf 85' lang='lat' dir='ltr'>pergens</span> <span class='ocrx_word' id='word_1_151' title='bbox 1128 2389 1188 2453; x_wconf 88' lang='lat' dir='ltr'>per</span> <span class='ocrx_word' id='word_1_152' title='bbox 1207 2368 1374 2453; x_wconf 89' lang='lat' dir='ltr'>Campum</span> 
     </span>
     <span class='ocr_line' id='line_1_19' title="bbox 204 2473 1374 2558; baseline 0.002 -21"><span class='ocrx_word' id='word_1_153' title='bbox 204 2474 311 2556; x_wconf 86' lang='lat' dir='ltr'>Breg,¹</span> <span class='ocrx_word' id='word_1_154' title='bbox 335 2473 378 2537; x_wconf 90' lang='lat' dir='ltr'>ad</span> <span class='ocrx_word' id='word_1_155' title='bbox 403 2474 640 2538; x_wconf 89' lang='lat' dir='ltr'>monasterium</span> <span class='ocrx_word' id='word_1_156' title='bbox 664 2473 798 2538; x_wconf 92' lang='lat' dir='ltr'>devenit</span> <span class='ocrx_word' id='word_1_157' title='bbox 823 2473 968 2538; x_wconf 91' lang='lat' dir='ltr'>Roborei</span> <span class='ocrx_word' id='word_1_158' title='bbox 992 2473 1150 2557; x_wconf 79' lang='lat' dir='ltr'>Campi¹;</span> <span class='ocrx_word' id='word_1_159' title='bbox 1173 2473 1374 2558; x_wconf 89' lang='lat' dir='ltr'>ibidemque,</span> 
     </span>
     <span class='ocr_line' id='line_1_20' title="bbox 202 2576 1374 2662; baseline 0.001 -20"><span class='ocrx_word' id='word_1_160' title='bbox 202 2578 323 2661; x_wconf 91' lang='lat' dir='ltr'>hospes</span> <span class='ocrx_word' id='word_1_161' title='bbox 335 2587 485 2661; x_wconf 89' lang='lat' dir='ltr'>receptus</span> <span class='ocrx_word' id='word_1_162' title='bbox 497 2576 800 2662; x_wconf 86' lang='lat' dir='ltr'>hospitio,quadam</span> <span class='ocrx_word' id='word_1_163' title='bbox 815 2576 1009 2643; x_wconf 87' lang='lat' dir='ltr'>molestatus</span> <span class='ocrx_word' id='word_1_164' title='bbox 1022 2576 1222 2656; x_wconf 88' lang='lat' dir='ltr'>infirmitate,</span> <span class='ocrx_word' id='word_1_165' title='bbox 1232 2578 1374 2662; x_wconf 90' lang='lat' dir='ltr'>septima</span> 
     </span>
     <span class='ocr_line' id='line_1_21' title="bbox 202 2681 1374 2767; baseline 0.003 -21"><span class='ocrx_word' id='word_1_166' title='bbox 202 2681 429 2766; x_wconf 72' lang='lat' dir='ltr'>aegrotationis</span> <span class='ocrx_word' id='word_1_167' title='bbox 445 2684 499 2746; x_wconf 95' lang='lat' dir='ltr'>die</span> <span class='ocrx_word' id='word_1_168' title='bbox 515 2683 548 2746; x_wconf 93' lang='lat' dir='ltr'>in</span> <span class='ocrx_word' id='word_1_169' title='bbox 565 2702 647 2766; x_wconf 89' lang='lat' dir='ltr'>pace</span> <span class='ocrx_word' id='word_1_170' title='bbox 662 2685 704 2747; x_wconf 92' lang='lat' dir='ltr'>ad</span> <span class='ocrx_word' id='word_1_171' title='bbox 730 2681 914 2746; x_wconf 89' lang='lat' dir='ltr'>Dominum</span> <span class='ocrx_word' id='word_1_172' title='bbox 938 2683 1093 2767; x_wconf 87' lang='lat' dir='ltr'>perrexit,</span> <span class='ocrx_word' id='word_1_173' title='bbox 1109 2690 1143 2747; x_wconf 92' lang='lat' dir='ltr'>et</span> <span class='ocrx_word' id='word_1_174' title='bbox 1164 2683 1250 2748; x_wconf 92' lang='lat' dir='ltr'>inter</span> <span class='ocrx_word' id='word_1_175' title='bbox 1267 2683 1374 2749; x_wconf 90' lang='lat' dir='ltr'>sancti</span> 
     </span>
     <span class='ocr_line' id='line_1_22' title="bbox 204 2785 1374 2871; baseline -0.002 -19"><span class='ocrx_word' id='word_1_176' title='bbox 204 2786 377 2852; x_wconf 87' lang='lat' dir='ltr'>Columbae</span> <span class='ocrx_word' id='word_1_177' title='bbox 414 2785 536 2851; x_wconf 91' lang='lat' dir='ltr'>electos</span> <span class='ocrx_word' id='word_1_178' title='bbox 574 2787 730 2852; x_wconf 92' lang='lat' dir='ltr'>humatus</span> <span class='ocrx_word' id='word_1_179' title='bbox 767 2795 818 2851; x_wconf 91' lang='lat' dir='ltr'>est</span> <span class='ocrx_word' id='word_1_180' title='bbox 855 2787 1045 2864; x_wconf 89' lang='lat' dir='ltr'>monachos,</span> <span class='ocrx_word' id='word_1_181' title='bbox 1082 2787 1264 2852; x_wconf 90' lang='lat' dir='ltr'>secundum</span> <span class='ocrx_word' id='word_1_182' title='bbox 1302 2787 1374 2871; x_wconf 89' lang='lat' dir='ltr'>ejus</span> 
     </span>
     <span class='ocr_line' id='line_1_23' title="bbox 201 2890 1000 2967; baseline -0.003 -13"><span class='ocrx_word' id='word_1_183' title='bbox 201 2890 404 2967; x_wconf 90' lang='lat' dir='ltr'>vaticinium,</span> <span class='ocrx_word' id='word_1_184' title='bbox 421 2891 454 2953; x_wconf 91' lang='lat' dir='ltr'>in</span> <span class='ocrx_word' id='word_1_185' title='bbox 469 2890 572 2954; x_wconf 91' lang='lat' dir='ltr'>vitam</span> <span class='ocrx_word' id='word_1_186' title='bbox 590 2897 828 2954; x_wconf 88' lang='lat' dir='ltr'>resurrecturus</span> <span class='ocrx_word' id='word_1_187' title='bbox 843 2897 1000 2953; x_wconf 87' lang='lat' dir='ltr'>eternam.</span> 
     </span>
    </p>

    <p class='ocr_par' dir='ltr' id='par_1_3' title="bbox 203 2989 1374 3387">
     <span class='ocr_line' id='line_1_24' title="bbox 248 2989 1373 3057; baseline 0 0"><span class='ocrx_word' id='word_1_188' title='bbox 248 2993 321 3057; x_wconf 92' lang='lat' dir='ltr'>Has</span> <span class='ocrx_word' id='word_1_189' title='bbox 350 2993 393 3057; x_wconf 90' lang='lat' dir='ltr'>de</span> <span class='ocrx_word' id='word_1_190' title='bbox 424 2992 571 3057; x_wconf 90' lang='lat' dir='ltr'>Librano</span> <span class='ocrx_word' id='word_1_191' title='bbox 607 2992 831 3057; x_wconf 87' lang='lat' dir='ltr'>Harundineti</span> <span class='ocrx_word' id='word_1_192' title='bbox 866 2994 972 3056; x_wconf 92' lang='lat' dir='ltr'>sancti</span> <span class='ocrx_word' id='word_1_193' title='bbox 1006 2990 1168 3056; x_wconf 88' lang='lat' dir='ltr'>veridicas</span> <span class='ocrx_word' id='word_1_194' title='bbox 1197 2989 1373 3057; x_wconf 83' lang='lat' dir='ltr'>Columbae</span> 
     </span>
     <span class='ocr_line' id='line_1_25' title="bbox 203 3095 1374 3181; baseline 0.002 -21"><span class='ocrx_word' id='word_1_195' title='bbox 203 3096 456 3161; x_wconf 86' lang='lat' dir='ltr'>vaticinationes</span> <span class='ocrx_word' id='word_1_196' title='bbox 471 3095 640 3179; x_wconf 90' lang='lat' dir='ltr'>scripsisse</span> <span class='ocrx_word' id='word_1_197' title='bbox 655 3095 804 3161; x_wconf 86' lang='lat' dir='ltr'>sufficiat</span> <span class='ocrx_word' id='word_1_198' title='bbox 850 3095 917 3181; x_wconf 87' lang='lat' dir='ltr'>Qui</span> <span class='ocrx_word' id='word_1_199' title='bbox 932 3095 1087 3160; x_wconf 82' lang='lat' dir='ltr'>videlicet</span> <span class='ocrx_word' id='word_1_200' title='bbox 1110 3095 1275 3160; x_wconf 91' lang='lat' dir='ltr'>Libranus</span> <span class='ocrx_word' id='word_1_201' title='bbox 1298 3097 1374 3162; x_wconf 86' lang='lat' dir='ltr'>ideo</span> 
     </span>
     <span class='ocr_line' id='line_1_26' title="bbox 206 3199 1374 3282; baseline 0 -17"><span class='ocrx_word' id='word_1_202' title='bbox 206 3200 431 3265; x_wconf 89' lang='lat' dir='ltr'>Harundineti</span> <span class='ocrx_word' id='word_1_203' title='bbox 458 3210 510 3264; x_wconf 91' lang='lat' dir='ltr'>est</span> <span class='ocrx_word' id='word_1_204' title='bbox 539 3209 685 3278; x_wconf 90' lang='lat' dir='ltr'>vocatus,</span> <span class='ocrx_word' id='word_1_205' title='bbox 712 3201 791 3282; x_wconf 92' lang='lat' dir='ltr'>quia</span> <span class='ocrx_word' id='word_1_206' title='bbox 820 3200 853 3264; x_wconf 91' lang='lat' dir='ltr'>in</span> <span class='ocrx_word' id='word_1_207' title='bbox 884 3199 1105 3265; x_wconf 85' lang='lat' dir='ltr'>harundineto</span> <span class='ocrx_word' id='word_1_208' title='bbox 1135 3199 1249 3265; x_wconf 91' lang='lat' dir='ltr'>multis</span> <span class='ocrx_word' id='word_1_209' title='bbox 1277 3199 1374 3265; x_wconf 87' lang='lat' dir='ltr'>aunis</span> 
     </span>
     <span class='ocr_line' id='line_1_27' title="bbox 204 3303 840 3387; baseline 0.002 -19"><span class='ocrx_word' id='word_1_210' title='bbox 204 3304 407 3370; x_wconf 88' lang='lat' dir='ltr'>harundines</span> <span class='ocrx_word' id='word_1_211' title='bbox 421 3304 610 3387; x_wconf 91' lang='lat' dir='ltr'>colligendo</span> <span class='ocrx_word' id='word_1_212' title='bbox 625 3303 840 3370; x_wconf 86' lang='lat' dir='ltr'>laboraverat</span> 
     </span>
    </p>
   </div>
   <div class='ocr_carea' id='block_1_3' title="bbox 238 3672 574 3739">
    <p class='ocr_par' dir='ltr' id='par_1_4' title="bbox 238 3672 574 3739">
     <span class='ocr_line' id='line_1_28' title="bbox 238 3672 574 3739; baseline -0.003 -15"><span class='ocrx_word' id='word_1_213' title='bbox 238 3688 249 3725; x_wconf 81' lang='grc'><strong><em>7</em></strong></span> <span class='ocrx_word' id='word_1_214' title='bbox 265 3673 342 3739; x_wconf 80' lang='lat' dir='ltr'>lingit</span> <span class='ocrx_word' id='word_1_215' title='bbox 356 3673 443 3738; x_wconf 88' lang='lat' dir='ltr'>Lunge</span> <span class='ocrx_word' id='word_1_216' title='bbox 456 3672 481 3722; x_wconf 91' lang='lat' dir='ltr'>in</span> <span class='ocrx_word' id='word_1_217' title='bbox 493 3673 574 3724; x_wconf 76' lang='lat' dir='ltr'>Tiree</span> 
     </span>
    </p>
   </div>
   <div class='ocr_carea' id='block_1_4' title="bbox 204 3772 1374 4152">
    <p class='ocr_par' dir='ltr' id='par_1_5' title="bbox 204 3772 1374 4152">
     <span class='ocr_line' id='line_1_29' title="bbox 237 3772 1374 3834; baseline 0.002 -11"><span class='ocrx_word' id='word_1_218' title='bbox 237 3774 249 3812; x_wconf 83' lang='grc'><strong>8</strong></span> <span class='ocrx_word' id='word_1_219' title='bbox 264 3773 365 3823; x_wconf 84' lang='lat' dir='ltr'>Resides</span> <span class='ocrx_word' id='word_1_220' title='bbox 377 3773 492 3833; x_wconf 75' lang='lat' dir='ltr'>Durrow,</span> <span class='ocrx_word' id='word_1_221' title='bbox 512 3773 615 3825; x_wconf 84' lang='lat' dir='ltr'>theone</span> <span class='ocrx_word' id='word_1_222' title='bbox 631 3773 732 3825; x_wconf 77' lang='lat' dir='ltr'>alluded</span> <span class='ocrx_word' id='word_1_223' title='bbox 750 3781 777 3825; x_wconf 88' lang='lat' dir='ltr'>lo</span> <span class='ocrx_word' id='word_1_224' title='bbox 794 3774 819 3824; x_wconf 90' lang='lat' dir='ltr'>in</span> <span class='ocrx_word' id='word_1_225' title='bbox 831 3773 874 3824; x_wconf 86' lang='lat' dir='ltr'>the</span> <span class='ocrx_word' id='word_1_226' title='bbox 890 3780 951 3834; x_wconf 86' lang='lat' dir='ltr'>text,</span> <span class='ocrx_word' id='word_1_227' title='bbox 971 3775 1007 3826; x_wconf 88' lang='lat' dir='ltr'>St.</span> <span class='ocrx_word' id='word_1_228' title='bbox 1023 3773 1147 3825; x_wconf 80' lang='lat' dir='ltr'>Columba</span> <span class='ocrx_word' id='word_1_229' title='bbox 1163 3772 1272 3825; x_wconf 77' lang='lat' dir='ltr'>tounded</span> <span class='ocrx_word' id='word_1_230' title='bbox 1284 3772 1310 3824; x_wconf 90' lang='lat' dir='ltr'>in</span> <span class='ocrx_word' id='word_1_231' title='bbox 1323 3772 1374 3825; x_wconf 82' lang='lat' dir='ltr'>lre·</span> 
     </span>
     <span class='ocr_line' id='line_1_30' title="bbox 204 3853 1374 3919; baseline 0.001 -16"><span class='ocrx_word' id='word_1_232' title='bbox 204 3853 264 3903; x_wconf 75' lang='lat' dir='ltr'>land</span> <span class='ocrx_word' id='word_1_233' title='bbox 282 3853 325 3904; x_wconf 87' lang='lat' dir='ltr'>the</span> <span class='ocrx_word' id='word_1_234' title='bbox 343 3855 505 3906; x_wconf 74' lang='lat' dir='ltr'>monasterias</span> <span class='ocrx_word' id='word_1_235' title='bbox 522 3854 551 3905; x_wconf 85' lang='lat' dir='ltr'>oi</span> <span class='ocrx_word' id='word_1_236' title='bbox 566 3855 655 3919; x_wconf 80' lang='lat' dir='ltr'>Derry,</span> <span class='ocrx_word' id='word_1_237' title='bbox 674 3855 753 3915; x_wconf 81' lang='lat' dir='ltr'>Kells,</span> <span class='ocrx_word' id='word_1_238' title='bbox 774 3854 1043 3916; x_wconf 64' lang='lat' dir='ltr'>Kilmowditbreebb.</span> <span class='ocrx_word' id='word_1_239' title='bbox 1063 3855 1174 3916; x_wconf 69' lang='lat' dir='ltr'>Sucrdr,</span> <span class='ocrx_word' id='word_1_240' title='bbox 1196 3854 1301 3914; x_wconf 72' lang='lat' dir='ltr'>Rechts,</span> <span class='ocrx_word' id='word_1_241' title='bbox 1322 3853 1374 3904; x_wconf 73' lang='lat' dir='ltr'>sud</span> 
     </span>
     <span class='ocr_line' id='line_1_31' title="bbox 206 3935 1371 4003; baseline 0.001 -18"><span class='ocrx_word' id='word_1_242' title='bbox 206 3936 346 3987; x_wconf 79' lang='lat' dir='ltr'>Drumcliii.</span> <span class='ocrx_word' id='word_1_243' title='bbox 381 3938 437 3987; x_wconf 83' lang='lat' dir='ltr'>The</span> <span class='ocrx_word' id='word_1_244' title='bbox 448 3938 640 4002; x_wconf 80' lang='lat' dir='ltr'>congregations</span> <span class='ocrx_word' id='word_1_245' title='bbox 650 3953 715 3989; x_wconf 78' lang='lat' dir='ltr'>were</span> <span class='ocrx_word' id='word_1_246' title='bbox 726 3937 760 3988; x_wconf 75' lang='lat' dir='ltr'>ull</span> <span class='ocrx_word' id='word_1_247' title='bbox 776 3938 894 3989; x_wconf 85' lang='lat' dir='ltr'>included</span> <span class='ocrx_word' id='word_1_248' title='bbox 906 3938 985 3988; x_wconf 89' lang='lat' dir='ltr'>under</span> <span class='ocrx_word' id='word_1_249' title='bbox 995 3953 1045 3989; x_wconf 85' lang='lat' dir='ltr'>one</span> <span class='ocrx_word' id='word_1_250' title='bbox 1060 3938 1162 4003; x_wconf 76' lang='lat' dir='ltr'>general</span> <span class='ocrx_word' id='word_1_251' title='bbox 1173 3935 1371 3998; x_wconf 71' lang='lat' dir='ltr'>denominatim,</span> 
     </span>
     <span class='ocr_line' id='line_1_32' title="bbox 205 4018 1373 4084; baseline 0.003 -17"><span class='ocrx_word' id='word_1_252' title='bbox 205 4018 247 4068; x_wconf 86' lang='lat' dir='ltr'>the</span> <span class='ocrx_word' id='word_1_253' title='bbox 264 4018 366 4068; x_wconf 86' lang='lat' dir='ltr'>muintir</span> <span class='ocrx_word' id='word_1_254' title='bbox 382 4019 596 4081; x_wconf 77' lang='lat' dir='ltr'>Cboiuimchille,</span> <span class='ocrx_word' id='word_1_255' title='bbox 615 4035 644 4070; x_wconf 92' lang='lat' dir='ltr'>or</span> <span class='ocrx_word' id='word_1_256' title='bbox 660 4019 755 4071; x_wconf 74' lang='lat' dir='ltr'>familis</span> <span class='ocrx_word' id='word_1_257' title='bbox 771 4020 979 4082; x_wconf 75' lang='lat' dir='ltr'>Columbae-cille,</span> <span class='ocrx_word' id='word_1_258' title='bbox 993 4021 1044 4070; x_wconf 76' lang='lat' dir='ltr'>and</span> <span class='ocrx_word' id='word_1_259' title='bbox 1061 4021 1103 4071; x_wconf 86' lang='lat' dir='ltr'>the</span> <span class='ocrx_word' id='word_1_260' title='bbox 1120 4019 1207 4071; x_wconf 81' lang='lat' dir='ltr'>Abbot</span> <span class='ocrx_word' id='word_1_261' title='bbox 1223 4018 1253 4070; x_wconf 85' lang='lat' dir='ltr'>oi</span> <span class='ocrx_word' id='word_1_262' title='bbox 1267 4018 1310 4084; x_wconf 81' lang='lat' dir='ltr'>Hy</span> <span class='ocrx_word' id='word_1_263' title='bbox 1323 4032 1373 4070; x_wconf 76' lang='lat' dir='ltr'>tm</span> 
     </span>
     <span class='ocr_line' id='line_1_33' title="bbox 204 4100 482 4152; baseline 0.007 -2"><span class='ocrx_word' id='word_1_264' title='bbox 204 4100 269 4150; x_wconf 82' lang='lat' dir='ltr'>their</span> <span class='ocrx_word' id='word_1_265' title='bbox 280 4116 397 4151; x_wconf 89' lang='lat' dir='ltr'>common</span> <span class='ocrx_word' id='word_1_266' title='bbox 409 4100 482 4152; x_wconf 79' lang='lat' dir='ltr'>head.</span> 
     </span>
    </p>
   </div>
   <div class='ocr_carea' id='block_1_5' title="bbox 237 4200 461 4463">
    <p class='ocr_par' dir='ltr' id='par_1_6' title="bbox 237 4200 461 4463">
     <span class='ocr_line' id='line_1_34' title="bbox 237 4200 411 4266; baseline -0.011 -14"><span class='ocrx_word' id='word_1_267' title='bbox 237 4214 250 4252; x_wconf 85' lang='grc'>9</span> <span class='ocrx_word' id='word_1_268' title='bbox 263 4201 296 4251; x_wconf 77' lang='grc' dir='ltr'>Α.</span> <span class='ocrx_word' id='word_1_269' title='bbox 309 4215 367 4266; x_wconf 76' lang='lat' dir='ltr'>qua,</span> <span class='ocrx_word' id='word_1_270' title='bbox 383 4200 411 4250; x_wconf 87' lang='lat' dir='ltr'>B.</span> 
     </span>
     <span class='ocr_line' id='line_1_35' title="bbox 240 4298 461 4361; baseline 0 -12"><span class='ocrx_word' id='word_1_271' title='bbox 240 4313 264 4343; x_wconf 78' lang='grc' dir='ltr'>ιο</span> <span class='ocrx_word' id='word_1_272' title='bbox 273 4298 416 4361; x_wconf 76' lang='lat' dir='ltr'>monachus,</span> <span class='ocrx_word' id='word_1_273' title='bbox 430 4300 461 4350; x_wconf 86' lang='grc' dir='ltr'>Α.</span> 
     </span>
     <span class='ocr_line' id='line_1_36' title="bbox 239 4396 410 4463; baseline 0.023 -4"><span class='ocrx_word' id='word_1_274' title='bbox 239 4412 248 4440; x_wconf 87' lang='lat'><em>¹</em></span> <span class='ocrx_word' id='word_1_275' title='bbox 264 4399 312 4450; x_wconf 76' lang='lat' dir='ltr'>See</span> <span class='ocrx_word' id='word_1_276' title='bbox 325 4398 357 4459; x_wconf 84' lang='lat'>1..</span> <span class='ocrx_word' id='word_1_277' title='bbox 371 4396 410 4463; x_wconf 75' lang='lat'>38-</span> 
     </span>
    </p>
   </div>
   <div class='ocr_carea' id='block_1_6' title="bbox 205 4494 1373 4646">
    <p class='ocr_par' dir='ltr' id='par_1_7' title="bbox 205 4494 1373 4646">
     <span class='ocr_line' id='line_1_37' title="bbox 238 4494 1373 4564; baseline 0.004 -19"><span class='ocrx_word' id='word_1_278' title='bbox 238 4509 248 4536; x_wconf 82' lang='lat'>²</span> <span class='ocrx_word' id='word_1_279' title='bbox 265 4495 385 4546; x_wconf 82' lang='lat' dir='ltr'>Roboreti</span> <span class='ocrx_word' id='word_1_280' title='bbox 406 4495 516 4562; x_wconf 79' lang='lat' dir='ltr'>Campus</span> <span class='ocrx_word' id='word_1_281' title='bbox 533 4497 737 4560; x_wconf 71' lang='lat' dir='ltr'>(see1.,a9,⁴9,</span> <span class='ocrx_word' id='word_1_282' title='bbox 757 4497 807 4548; x_wconf 79' lang='lat' dir='ltr'>and</span> <span class='ocrx_word' id='word_1_283' title='bbox 826 4497 887 4559; x_wconf 72' lang='lat'>111,</span> <span class='ocrx_word' id='word_1_284' title='bbox 904 4499 953 4563; x_wconf 77' lang='grc' dir='ltr'>ις),</span> <span class='ocrx_word' id='word_1_285' title='bbox 971 4512 1030 4549; x_wconf 78' lang='lat' dir='ltr'>nort</span> <span class='ocrx_word' id='word_1_286' title='bbox 1046 4496 1163 4559; x_wconf 64' lang='lat' dir='ltr'>numu.</span> <span class='ocrx_word' id='word_1_287' title='bbox 1176 4494 1219 4549; x_wconf 83' lang='lat' dir='ltr'>tlte</span> <span class='ocrx_word' id='word_1_288' title='bbox 1234 4495 1296 4564; x_wconf 79' lang='lat' dir='ltr'>only</span> <span class='ocrx_word' id='word_1_289' title='bbox 1307 4494 1373 4550; x_wconf 73' lang='lat' dir='ltr'>uhu</span> 
     </span>
     <span class='ocr_line' id='line_1_38' title="bbox 205 4577 1179 4646; baseline 0.004 -18"><span class='ocrx_word' id='word_1_290' title='bbox 205 4577 352 4630; x_wconf 74' lang='lat' dir='ltr'>foundation</span> <span class='ocrx_word' id='word_1_291' title='bbox 363 4578 477 4630; x_wconf 78' lang='lat' dir='ltr'>ascribed</span> <span class='ocrx_word' id='word_1_292' title='bbox 490 4579 522 4646; x_wconf 81' lang='lat' dir='ltr'>by</span> <span class='ocrx_word' id='word_1_293' title='bbox 535 4579 603 4630; x_wconf 78' lang='lat' dir='ltr'>Dede</span> <span class='ocrx_word' id='word_1_294' title='bbox 614 4579 718 4646; x_wconf 80' lang='lat' dir='ltr'>directly</span> <span class='ocrx_word' id='word_1_295' title='bbox 730 4588 757 4631; x_wconf 86' lang='lat' dir='ltr'>to</span> <span class='ocrx_word' id='word_1_296' title='bbox 769 4581 806 4632; x_wconf 88' lang='lat' dir='ltr'>St.</span> <span class='ocrx_word' id='word_1_297' title='bbox 821 4579 954 4642; x_wconf 76' lang='lat' dir='ltr'>Columba.</span> <span class='ocrx_word' id='word_1_298' title='bbox 967 4581 1003 4633; x_wconf 80' lang='lat' dir='ltr'>II.</span> <span class='ocrx_word' id='word_1_299' title='bbox 1017 4580 1063 4644; x_wconf 75' lang='lat' dir='ltr'>E..</span> <span class='ocrx_word' id='word_1_300' title='bbox 1078 4578 1141 4645; x_wconf 74' lang='lat'>111,</span> <span class='ocrx_word' id='word_1_301' title='bbox 1154 4592 1179 4645; x_wconf 79' lang='lat'>4.</span> 
     </span>
    </p>
   </div>
   <div class='ocr_carea' id='block_1_7' title="bbox 0 0 1618 5520">
    <p class='ocr_par' dir='ltr' id='par_1_8' title="bbox 0 0 1618 5520">
     <span class='ocr_line' id='line_1_39' title="bbox 0 0 1618 5520; baseline 0 0"><span class='ocrx_word' id='word_1_302' title='bbox 0 0 1618 5520; x_wconf 95' lang='lat' dir='ltr'> </span> 
     </span>
    </p>
   </div>
  </div>
 </body>
</html>
