3226 5520
281 502 322 566 82
586 502 730 567 VITA
772 502 1075 569 lI.-L1BER
1113 503 1142 570 1.

280 705 387 770 carnis
417 714 450 772 et
479 707 609 788 animae,
639 708 716 775 Deo
744 709 934 795 adjuvante,
963 708 1162 788 custodiens,
1188 707 1307 774 studiis
1341 705 1447 788 dialis,

279 809 414 894 sophias
425 811 566 892 deditus,
578 813 640 878 hoc
652 815 868 898 propositum,
880 815 913 879 in
926 814 1021 879 annis
1029 813 1214 899 juventutis
1225 821 1447 893 conversatus,

280 911 314 977 in
340 915 439 980 corde
464 914 589 994 habuit,
611 926 648 982 ut
667 927 816 984 nostrum
840 927 991 984 sanctum
1016 918 1225 997 Columbam,
1248 917 1446 983 Hiberniam

279 1016 443 1099 deserens,
457 1021 723 1105 peregrinaturus
739 1023 851 1089 adiret
898 1023 1028 1088 Eodem
1048 1033 1193 1090 aestuans
1215 1022 1387 1101 desiderio,
1401 1023 1445 1088 ad

279 1124 459 1205 quemdam
479 1125 573 1190 vadit
595 1126 758 1192 seniorem
781 1127 844 1192 sibi
866 1129 1020 1206 amicum,
1040 1129 1076 1195 in
1100 1148 1160 1192 sua
1181 1136 1281 1212 gente
1303 1128 1446 1211 pruden-

279 1226 454 1308 tissimum,
479 1231 772 1313 venerandumque
801 1230 965 1310 clericum,
991 1232 1048 1315 qui
1079 1231 1211 1298 Scotice
1239 1230 1448 1296 vocitabatur

280 1330 424 1397 Columb
461 1332 558 1418 Crag,
588 1343 625 1398 ut
655 1334 699 1399 ab
728 1354 776 1414 eo,
812 1335 907 1417 quasi
944 1337 1116 1419 prudente,
1152 1334 1287 1420 aliquod
1317 1334 1448 1401 audiret

279 1436 461 1503 consilium.
507 1437 570 1504 Cui
592 1457 669 1504 cum
699 1459 777 1505 suos
806 1439 890 1504 tales
913 1441 1098 1506 denudaret
1121 1440 1295 1523 cogitatus,
1316 1438 1381 1503 hoc
1402 1437 1447 1503 ab

279 1560 320 1605 eo
341 1560 536 1625 responsum
560 1542 710 1627 accepit:
740 1543 862 1622 Tuum,
884 1551 922 1608 ut
945 1543 1085 1622 aestimo,
1106 1562 1127 1608 a
1151 1543 1226 1607 Deo
1249 1542 1445 1627 inspiratum

280 1646 504 1732 devotumque
526 1647 727 1713 desiderium
743 1647 817 1732 quis
832 1647 1007 1731 prohibere
1022 1656 1141 1731 potest,
1164 1666 1207 1710 ne
1228 1647 1271 1712 ad
1293 1654 1445 1711 sanctum

279 1750 478 1817 Columbam
508 1752 757 1837 transnavigare
786 1752 934 1817 debeas?
993 1752 1122 1817 Eadem
1152 1751 1235 1816 hora
1263 1771 1343 1816 casu
1378 1749 1447 1815 duo

278 1855 460 1921 adveniunt
486 1856 640 1921 monachi
666 1856 773 1920 sancti
800 1855 983 1934 Columbae,
1009 1855 1066 1938 qui
1095 1855 1139 1919 de
1167 1874 1228 1919 sua
1253 1853 1446 1938 interrogati

277 1959 524 2025 ambulatione:
555 1961 679 2044 Nuper,
694 1961 799 2039 aiunt,
820 1961 863 2025 de
887 1959 1060 2024 Britannia
1080 1958 1289 2041 remigantes,
1310 1956 1411 2022 hodie
1425 1977 1447 2022 a

279 2065 450 2131 Roboreto
476 2065 634 2149 Calgachi
660 2065 820 2130 venimus.
881 2062 1005 2147 Sospes
1030 2083 1118 2127 anne
1141 2071 1201 2142 est,
1227 2062 1274 2126 ait
1301 2060 1446 2127 Columb

279 2169 376 2253 Crag,
394 2178 503 2236 vester
523 2169 687 2237 Columba
709 2180 843 2233 sanctus
865 2174 985 2253 pater?
1029 2165 1097 2250 Qui
1118 2166 1217 2231 valde
1238 2164 1446 2249 illacrymati,

277 2294 353 2340 curn
384 2294 508 2359 magno
536 2274 695 2338 dixerunt
725 2292 882 2338 maerore:
920 2273 1008 2336 Vere
1036 2271 1147 2335 salvus
1175 2278 1227 2335 est
1252 2278 1364 2334 noster
1389 2268 1445 2333 ille

278 2386 446 2461 patronus,
476 2379 534 2462 qui
563 2378 616 2442 his
643 2377 761 2443 diebus
791 2397 897 2461 nuper
925 2377 969 2442 ad
1006 2374 1175 2442 Christum
1205 2373 1444 2457 commigravit.

277 2482 408 2567 Quibus
438 2482 568 2561 auditis,
595 2482 756 2547 Fintenus
785 2490 820 2546 et
849 2480 994 2548 Columb
1023 2489 1057 2544 et
1086 2498 1203 2544 omnes
1232 2478 1289 2562 qui
1319 2478 1444 2543 ibidem

277 2586 415 2664 inerant,
430 2587 603 2672 prostratis
618 2586 651 2650 in
667 2594 789 2651 terram
804 2585 960 2664 vultibus,
976 2604 1088 2648 amare
1110 2583 1236 2648 flevere
1283 2582 1446 2649 Fintenus

277 2701 516 2776 consequenter
531 2699 772 2775 percunctatur,
787 2690 915 2755 dicens:
939 2688 1049 2773 Quem
1065 2697 1143 2772 post
1164 2707 1200 2752 se
1221 2705 1444 2751 successorem

277 2795 427 2881 reliquit?
475 2793 704 2874 Baitheneum,
728 2795 832 2873 aiunt,
862 2813 960 2858 suurn
986 2792 1167 2857 alumnum.
1211 2791 1445 2874 Omnibusque

277 2899 544 2965 clamitantibus:
571 2898 721 2983 Dignum
750 2908 785 2964 et
813 2898 988 2979 debitum;
1019 2896 1164 2963 Columb
1193 2896 1236 2960 ad
1264 2896 1444 2961 Fintenum

277 3003 405 3089 inquit:
431 3003 521 3088 Quid
545 3004 589 3069 ad
612 3003 694 3082 haec,
717 3003 858 3068 Fintene
881 3002 1004 3068 facies?
1048 3002 1115 3087 Qui
1137 3000 1351 3085 respondens,
1374 3001 1444 3067 ait:

278 3108 315 3175 Si
345 3109 508 3174 Dominus
541 3108 735 3193 permiserit,
764 3110 808 3173 ad
838 3108 1058 3173 Baitheneum
1088 3107 1195 3171 virum
1228 3116 1379 3171 sanctum
1410 3115 1444 3171 et

277 3211 470 3295 sapientem,
496 3212 690 3296 enavigabo,
719 3221 753 3276 et
783 3212 810 3275 si
841 3231 895 3275 me
925 3211 1115 3294 susceperit,
1146 3210 1256 3294 ipsum
1286 3209 1442 3274 abbatem

276 3315 415 3379 habebo.
461 3316 550 3379 Tum
577 3317 698 3381 deinde
725 3337 824 3399 supra
851 3326 1070 3381 memoratum
1098 3314 1241 3380 Columb
1266 3314 1444 3393 osculatus,

276 3427 310 3484 et
332 3419 362 3482 ei
384 3418 583 3497 valedicens,
606 3419 853 3503 navigationem
880 3430 1054 3504 praeparat,
1077 3429 1111 3483 et
1133 3420 1204 3483 sine
1227 3419 1354 3483 morula
1376 3419 1444 3483 ulla

275 3523 540 3607 transnavigans,
569 3524 686 3587 Ionam
717 3524 851 3589 devenit
881 3525 1030 3588 insulam.
1088 3524 1134 3588 Et
1163 3524 1315 3600 necdum,
1345 3523 1377 3587 in
1408 3524 1443 3587 id

276 3627 436 3710 temporis
450 3647 564 3709 usque,
580 3648 701 3692 nomen
725 3628 796 3712 ejus
813 3629 845 3691 in
861 3629 913 3693 his
933 3628 1013 3692 locis
1028 3638 1099 3692 erat
1122 3636 1246 3692 notum.
1293 3628 1394 3694 Unde
1410 3637 1444 3692 et

276 3934 411 3995 Mocmoie‚
430 3934 481 3984 end
500 3934 661 3994 Tailchanus,
682 3936 725 3986 the
744 3935 823 3986 codex
844 3935 912 3986 Cott.
934 3935 980 3986 bas
1001 3935 1132 3996 Tslchani,
1159 3936 1279 3996 Fenteno,
1306 3937 1439 3997 Fentenus,

274 4016 448 4076 Columcrach,
462 4016 596 4079 Columba,
611 4016 779 4078 Baithenium,
794 4019 936 4081 Mocmoye,
950 4018 1001 4068 eud
1014 4018 1147 4069 Talcanus.

306 4130 319 4157 ²
333 4116 370 4167 St.
385 4116 476 4166 Fintan
487 4134 495 4177 3
506 4116 600 4166 known
611 4118 665 4167 also
676 4133 704 4167 as
716 4117 821 4177 Munna,
837 4117 944 4178 Munnu,
957 4118 1008 4168 and
1020 4117 1139 4168 Mundus
1177 4117 1220 4168 He
1230 4117 1252 4168 is
1262 4118 1404 4169 celebrated
1416 4118 1443 4170 in

274 4198 317 4249 the
334 4197 471 4249 Caleuders
487 4207 514 4248 st
531 4199 588 4249 Oct.
609 4212 647 4249 21.
685 4199 734 4249 His
751 4199 872 4265 priucipnl
889 4201 982 4250 church
999 4200 1025 4249 ln
1045 4200 1166 4252 Scotland
1178 4217 1228 4251 was
1241 4201 1371 4260 Kilmond,
1385 4217 1443 4251 now

274 4279 388 4340 Kilmun,
402 4279 428 4329 in
439 4280 535 4341 Cowal,
549 4280 631 4331 where
647 4281 781 4346 according
792 4289 819 4332 to
831 4281 873 4332 the
884 4281 1018 4333 Aberdeen
1036 4282 1161 4347 Breviary,
1175 4282 1208 4333 he
1220 4297 1271 4332 was
1282 4281 1378 4342 buried,
1391 4282 1442 4333 ond

274 4360 356 4411 where
373 4361 437 4410 local
455 4361 573 4412 tradition
590 4362 640 4412 still
657 4362 741 4414 marks
752 4363 794 4413 the
811 4363 936 4428 supposed
953 4364 1024 4428 place
1035 4368 1060 4413 ot
1078 4363 1118 4414 his
1129 4363 1210 4413 buriel
1227 4364 1261 4429 by
1272 4364 1315 4414 the
1332 4379 1405 4414 name
1416 4363 1445 4415 ol

273 4441 415 4494 sith-Mun.
449 4443 505 4494 Tm
521 4452 662 4508 monastery
673 4444 706 4494 he
722 4445 832 4495 founded
848 4461 899 4495 was
916 4446 1001 4495 Teech
1020 4445 1118 4496 Munnu
1134 4461 1163 4495 or
1183 4447 1272 4496 House
1288 4446 1317 4496 ol
1332 4446 1438 4506 Munnu,

273 4524 299 4575 iu
311 4523 354 4573 the
366 4524 539 4587 Ceinnselach,
555 4540 612 4576 now
628 4525 771 4595 Taghmon,
785 4527 863 4580 about
879 4542 954 4580 seven
967 4526 1038 4581 miles
1049 4537 1110 4579 west
1120 4527 1150 4580 ol
1163 4528 1291 4582 Wexiord.
1328 4528 1371 4580 He
1381 4526 1440 4583 died

272 4603 367 4674 1⁰⁶³&
