3226 5520
276 435 336 502 166
559 431 707 500 VITA
746 431 1051 498 ll.-LIBER
1089 430 1146 496 11.

688 723 883 792 CAPUT
930 722 1017 790 XL.

328 897 381 962 De
394 896 537 981 quadam
550 896 741 962 muliermala
755 917 895 980 magnos
907 905 939 960 et
951 895 1145 980 offciliores
1155 894 1390 979 parturitionis

725 1003 877 1065 tortiones
887 1011 992 1083 passa

273 1155 441 1241 QUADAM
467 1158 530 1238 die,
553 1158 697 1224 Sanctus
719 1157 752 1222 in
778 1157 861 1222 lona
887 1177 1103 1222 commanens
1125 1156 1241 1237 insula,
1263 1156 1445 1223 alectione

272 1260 385 1342 surgit,
407 1269 441 1324 et
467 1260 640 1325 subridens
664 1260 764 1326 dicit:
799 1260 897 1324 Nunc
924 1262 966 1326 ad
993 1260 1173 1325 oratorium
1200 1261 1281 1325 mihi
1306 1280 1444 1345 proper·

272 1363 406 1441 andum,
425 1373 463 1428 ut
488 1385 549 1448 pro
569 1365 714 1449 quadam
738 1364 901 1428 misellula
924 1365 1109 1429 Dominum
1130 1366 1287 1449 deprecer
1308 1364 1445 1444 femina,

272 1486 348 1549 quae
364 1486 451 1532 nunc
466 1468 500 1532 in
518 1468 681 1533 Hibernia
703 1487 825 1532 nomen
848 1467 946 1551 hujus
969 1468 1179 1533 inclamitans
1201 1476 1445 1534 commemorat

273 1569 455 1651 Columbae,
467 1573 500 1636 in
513 1574 643 1657 magnis
654 1571 880 1656 parturitionis
890 1569 1093 1636 difficillimae
1105 1579 1193 1637 torta
1203 1572 1445 1656 punitionibus,

272 1683 307 1739 et
326 1675 401 1740 ideo
421 1697 480 1760 per
502 1697 556 1742 me
571 1697 591 1742 a
607 1677 756 1742 Domino
778 1677 821 1741 de
843 1676 997 1759 angustia
1019 1675 1263 1741 absolutionem
1284 1676 1357 1742 dari
1380 1678 1444 1743 sibi

272 1789 404 1862 sperat;
425 1782 504 1865 quia
518 1791 553 1846 et
568 1781 648 1845 mihi
664 1792 714 1847 est
729 1780 979 1866 cognationalis,
990 1781 1032 1844 de
1046 1800 1129 1846 meae
1141 1782 1256 1846 matris
1271 1781 1444 1866 parentela

273 1883 457 1965 genitorem
487 1884 613 1948 habens
643 1886 863 1969 progenitum.
922 1883 1006 1947 Haec
1033 1885 1147 1948 dicens
1176 1884 1328 1964 Sanctus,
1355 1885 1445 1950 illius

273 1986 473 2052 mulierculae
503 1998 613 2054 motus
639 1990 858 2068 miseratione,
877 1989 920 2053 ad
946 1988 1119 2053 ecclesiam
1145 1990 1254 2068 currit,
1278 1989 1444 2074 flexisque

273 2091 414 2173 genibus
434 2112 494 2176 pro
513 2113 554 2157 ea
573 2093 740 2159 Christum
764 2093 807 2157 de
829 2093 1102 2157 hominenatum
1125 2101 1252 2157 exorat
1297 2092 1344 2158 Et
1366 2103 1445 2178 post

273 2197 497 2278 precationem
513 2199 693 2262 oratorium
709 2218 868 2282 egressus,
880 2198 921 2262 ad
939 2197 1053 2261 fratres
1065 2196 1213 2280 profatur
1224 2206 1444 2277 occurrentes,

272 2299 424 2383 inquiens
438 2326 445 2366 :
470 2302 568 2366 Nunc
580 2303 742 2386 propitius
752 2303 918 2367 Dominus
931 2302 1033 2379 Iesus,
1045 2302 1087 2366 de
1099 2300 1235 2366 muliere
1246 2302 1443 2385 progenitus

273 2415 460 2488 opportune
487 2407 615 2470 miserae
641 2406 848 2484 subveniens,
869 2426 944 2470 eam
972 2406 1015 2470 de
1040 2405 1202 2488 angustiis
1227 2404 1388 2484 liberavit,
1410 2414 1446 2472 et

273 2529 429 2594 prospere
444 2509 570 2593 prolem
586 2512 734 2594 peperit;
759 2510 897 2575 nechao
913 2511 1072 2574 morietur
1087 2509 1165 2574 vice
1211 2509 1340 2575 Eadem
1352 2509 1446 2590 hora,

273 2614 369 2680 sicuti
407 2613 550 2681 Sanctus
586 2615 837 2698 prophetizavit,
876 2614 1004 2679 misella
1042 2613 1175 2693 femina,
1212 2632 1334 2679 nomen
1372 2615 1446 2700 ejus

275 2721 440 2800 invocans,
452 2719 605 2785 absoluta
616 2720 757 2785 salutem
771 2720 982 2803 recuperavit
1029 2719 1083 2783 lta
1096 2719 1139 2783 ab
1150 2717 1314 2803 aliquibus
1326 2728 1447 2802 postea

274 2824 317 2888 de
334 2822 456 2903 Scotia,
471 2833 505 2888 et
520 2824 563 2888 de
580 2825 698 2888 eadem
722 2824 876 2908 regione,¹
891 2823 947 2887 ubi
965 2821 1082 2886 mulier
1104 2820 1322 2900 inhabitabat,
1336 2828 1444 2886 trans-

276 2927 472 3007 meantibus,
487 2928 677 2992 intimatum
693 2936 750 2992 est

676 3246 880 3314 CAPUT
921 3247 1035 3312 XLI.

275 3421 328 3486 Da
348 3419 487 3503 quodam
509 3417 641 3502 lugneo
657 3419 881 3502 gubernatore,
893 3428 1094 3503 cognomento
1121 3417 1250 3498 Tutrilo,
1271 3439 1365 3502 quom
1384 3442 1448 3486 suo

362 3525 478 3608 consita
509 3523 581 3587 odio
615 3523 774 3589 habuerat
813 3524 998 3604 dosorrrrom,
1027 3524 1087 3609 qui
1118 3524 1154 3588 in
1189 3522 1332 3588 Rcchroa
1363 3545 1446 3590 com-

362 3626 554 3692 morabatur
567 3626 683 3691 insula.

277 3784 375 3850 ALIO
402 3782 434 3845 in
462 3790 619 3865 tempore,
643 3803 719 3847 cum
746 3784 795 3848 vir
821 3794 956 3849 sanctus
982 3785 1015 3849 in
1040 3785 1200 3850 Rechrea¹
1223 3783 1449 3866 hospitaretur

277 3885 392 3965 insula,
415 3886 550 3967 quidam
578 3884 728 3968 plebeius
755 3887 797 3950 ad
825 3907 901 3950 eum
925 3889 1069 3965 veniens,
1095 3887 1138 3952 de
1163 3906 1223 3951 sua
1247 3888 1450 3970 querebatur

276 4013 390 4067 uxore,
406 4011 489 4072 quae,
504 3999 542 4052 ut
565 3990 635 4071 ipse
662 3991 803 4069 dicebat,
817 3994 913 4056 ²odio
937 3993 1072 4071 habens,
1088 4013 1164 4057 eum
1186 3992 1227 4056 ad
1242 3992 1448 4058 maritalem

277 4097 368 4160 nullo
384 4096 485 4158 modo
500 4095 700 4158 admittebat
716 4098 928 4161 concubitum
950 4099 1114 4161 accedere.
1161 4095 1291 4180 Quibus
1313 4096 1448 4178 auditis,

310 4311 320 4339 ¹
335 4296 417 4347 North
430 4296 551 4346 Leinster.

310 4395 319 4421 ι
335 4380 422 4430 Either
435 4379 546 4440 Rathlin,
561 4378 597 4429 off
612 4379 654 4430 the
665 4379 739 4431 north
751 4388 819 4431 coast
831 4381 861 4431 oi
868 4380 977 4444 Autrim,
991 4397 1020 4431 or
1032 4381 1140 4444 Rachra,
1152 4396 1210 4431 now
1222 4380 1342 4449 Lambay,
1356 4380 1396 4431 off
1404 4381 1449 4437 the

276 4470 346 4514 coast
357 4461 387 4511 oi
394 4461 497 4511 Dublin.

309 4544 507 4598 mama
