3226 5520
611 483 925 552 COLUMBAE.
1292 503 1349 570 105

183 697 254 753 erat
269 688 302 753 in
314 690 397 755 cella
412 711 487 775 quae
502 691 666 776 hodieque
678 691 750 775 ejus
765 692 873 757 fratris
890 692 993 758 Diuni
1005 692 1168 758 vocabulo
1179 691 1351 769 vocitatur,

183 801 304 876 stagno
310 795 578 860 adhaerensAbae
588 795 753 874 fluminis‚¹
768 796 840 861 haee
850 797 1050 879 pereosdem
1062 795 1200 862 nuncios
1211 797 1354 862 Sanctus

184 899 399 962 commendat
413 899 534 964 verba:
557 898 634 965 Cito
649 908 766 964 euntes
781 900 823 963 ad
840 898 1031 965 Cailtanum
1047 909 1222 984 properate
1237 899 1354 964 dicito·

185 1008 285 1083 teque
300 1003 330 1065 ei
346 1011 383 1066 ut
398 1004 440 1067 ad
458 1022 512 1067 me
534 1003 606 1067 sine
621 1003 688 1068 ulla
703 1003 814 1068 veniat
838 1003 974 1069 morula
1031 1004 1098 1089 Qui
1114 1003 1215 1069 verbo
1239 1003 1354 1069 Sancti

184 1104 333 1170 obsecuti
349 1116 523 1186 exeuntes,
538 1118 572 1172 et
588 1108 631 1171 ad
647 1107 765 1172 cellam
783 1108 886 1172 Diuni
902 1109 1139 1193 pervenientes,
1155 1129 1224 1172 suae
1240 1107 1354 1190 legati·

184 1208 314 1273 unculae
340 1210 535 1292 qualitatem
565 1211 720 1276 Cailtano
746 1212 989 1277 intimaverunt
1035 1211 1102 1296 Qui
1125 1214 1242 1276 eadem
1266 1210 1355 1286 hora,

185 1313 276 1377 nullo
301 1315 493 1378 demoratus
521 1317 627 1393 modo,
651 1316 766 1381 Sancti
790 1327 983 1399 prosecutus
1002 1317 1139 1401 legatos,
1154 1317 1196 1380 ad
1219 1336 1296 1380 eum
1320 1315 1353 1378 in

186 1416 270 1480 Iona
285 1417 393 1482 insula
415 1429 688 1497 commorantem,
704 1440 818 1484 eorum
844 1421 969 1484 itineris
985 1441 1105 1499 comes,
1120 1421 1268 1485 celeriter
1283 1439 1356 1503 per·

184 1522 284 1587 venit.
326 1521 404 1606 Quo
419 1523 499 1602 viso,
516 1523 660 1589 Sanctus
677 1525 717 1587 ad
735 1544 811 1588 eum
829 1524 940 1589 taliter
956 1525 1094 1598 locutus,
1110 1526 1161 1588 his
1177 1524 1356 1607 compellat

184 1627 313 1691 verbis:
336 1627 368 1693 Ο
386 1628 546 1705 Cailtane,
561 1629 645 1692 bene
672 1628 777 1691 fecisti
794 1629 835 1691 ad
854 1650 908 1692 me
930 1630 1124 1693 obedienter
1146 1628 1355 1692 festinando:

186 1731 353 1812 requiesce
383 1730 573 1814 paulisper:
606 1732 728 1795 idcirco
758 1732 799 1795 ad
828 1742 862 1796 te
888 1732 1095 1797 invitandum
1127 1731 1210 1808 misi,
1239 1750 1357 1795 amans

185 1836 338 1914 amicum,
355 1846 391 1899 ut
408 1835 461 1899 hic
484 1855 614 1900 mecum
633 1836 666 1898 in
683 1856 760 1899 vera
783 1835 878 1900 finias
904 1837 1094 1900 obedientia
1120 1837 1198 1899 vitae
1224 1854 1355 1899 cursum

185 1949 259 2004 tuae.
300 1940 387 2003 Nam
404 1951 482 2004 ante
499 1939 599 2023 hujus
611 1940 831 2004 hebdomadis
847 1939 946 2003 finem
965 1941 1006 2004 ad
1024 1940 1208 2004 Dominum
1225 1940 1257 2002 in
1274 1958 1357 2021 pace

184 2044 347 2108 transibis.
407 2044 538 2127 Quibus
569 2045 700 2121 auditis,
727 2045 850 2128 gratias
881 2064 984 2127 agens
1016 2045 1100 2122 De0,
1127 2044 1356 2126 Sanctumque

185 2148 372 2231 lacrymans
381 2148 653 2226 exosculatus,ad
665 2148 855 2231 hospitium,
865 2158 1002 2231 accepta
1012 2146 1355 2224 abeobenedictione,

185 2251 314 2335 pergit:
341 2252 526 2335 eademque
549 2251 726 2315 subsecuta
750 2249 934 2315 infirmatus
960 2260 1065 2327 nocte,
1088 2251 1190 2334 juxta
1216 2252 1353 2314 verbum

186 2355 301 2420 Sancti
317 2355 350 2418 in
367 2357 484 2421 eadem
501 2356 689 2439 septimana
705 2355 747 2419 ad
764 2354 933 2422 Christum
951 2355 1158 2421 Dominum²
1173 2355 1355 2439 emigravit

547 2762 748 2829 CAPUT
787 2763 990 2829 XXXII.

204 2949 391 3014 Deductus
405 2949 571 3036 pereginis
576 2951 747 3032 fratribus
763 2952 880 3018 Sancti
885 2950 1027 3034 prouida
1036 2948 1238 3034 prophetatio
1259 2947 1341 3012 Viri.

185 3136 354 3221 QUADAM
371 3138 549 3203 Dominica
564 3139 618 3203 die
640 3138 727 3203 ultra
743 3158 832 3221 saepe
857 3147 1076 3203 memoratum
1100 3135 1281 3201 clamatum
1304 3143 1355 3199 est

186 3241 314 3308 fretum.
348 3241 458 3326 Quem
472 3243 611 3307 audiens
623 3242 766 3309 Sanctus
778 3242 966 3318 clamorem,
978 3243 1021 3306 ad
1034 3241 1150 3305 iratres
1162 3241 1219 3323 qui
1234 3240 1356 3304 ibidem

186 3348 334 3412 inerant:
353 3347 411 3424 Ite,
424 3348 478 3423 ait,
495 3348 651 3425 celeriter,
663 3347 919 3430 peregrinosque
931 3346 973 3409 de
989 3346 1172 3429 longinqua
1186 3343 1357 3408 venientes

187 3452 320 3535 regione
336 3453 378 3516 ad
396 3472 456 3515 nos
480 3454 572 3516 ocius
588 3452 752 3516 adducite.
799 3449 867 3534 Qui
890 3451 1049 3514 continuo
1072 3449 1232 3525 obsecuti,
1252 3457 1359 3512 trans·

186 3555 344 3621 fretantes
359 3556 573 3620 adduxerunt
588 3555 737 3638 hospites
752 3579 759 3619 :
781 3574 865 3639 quos
882 3553 1026 3620 Sanctus
1041 3552 1264 3630 exosculatus,
1279 3570 1357 3615 con·

186 3668 362 3743 sequenter
388 3659 431 3722 de
456 3679 556 3724 causa
583 3667 796 3742 percontatur
826 3657 959 3722 itineris.
1020 3653 1088 3738 Qui
1119 3655 1358 3739 respondentes

186 3765 301 3827 aiunt:
329 3762 379 3829 Ut
405 3762 468 3826 hoc
494 3763 596 3826 etiam
623 3782 712 3826 anno
738 3761 827 3844 apud
854 3770 889 3825 te
914 3761 1170 3843 peregrinemur,
1197 3758 1357 3822 venimus.

187 3865 318 3950 Quibus
335 3866 478 3931 Sanctus
493 3865 579 3929 hanc
591 3865 684 3929 dedit
700 3864 968 3947 responsionem:
992 3863 1095 3947 Apud
1113 3883 1174 3941 me,
1186 3872 1224 3928 ut
1238 3862 1358 3941 dicitis,

186 3971 263 4034 anni
275 3970 371 4035 unius
385 3969 494 4052 spatio
505 3967 689 4052 pereginari
703 3987 768 4032 non
780 3968 938 4051 poteritis,
950 3966 1012 4031 nisi
1025 3967 1115 4050 prius
1126 3966 1357 4029 monachicum

187 4074 402 4159 promiseritis
418 4082 541 4137 votum.
588 4072 689 4155 Quod
705 4073 762 4157 qui
785 4073 914 4136 inerant
931 4082 1111 4155 praesentes
1125 4070 1223 4135 valde
1247 4069 1358 4135 mirati

187 4189 264 4244 sunt
279 4180 321 4243 ad
338 4178 486 4262 hospites
501 4177 619 4242 eadem
636 4178 717 4241 hora
732 4177 952 4241 adventantes
967 4176 1040 4240 dici.
1078 4173 1134 4239 Ad
1150 4194 1226 4258 quae
1242 4173 1358 4239 Sancti

221 4435 230 4462 ¹
246 4421 304 4471 Dm.
319 4417 403 4471 Smitlr
414 4419 465 4469 end
478 4417 610 4484 Lennignn
622 4416 775 4468 understand
787 4416 837 4466 this
847 4415 876 4466 oi
885 4413 956 4466 Loch
967 4415 1030 4465 Ave
1042 4430 1049 4473 ς
1066 4413 1110 4463 but
1123 4412 1165 4463 the
1181 4411 1253 4477 place
1264 4410 1283 4461 it
1295 4409 1359 4461 indi·

185 4511 254 4552 cates
266 4502 286 4550 is
298 4501 435 4551 uncertain.
473 4501 520 4551 See
533 4501 578 4550 Dr.
595 4498 699 4550 Reeves’
710 4506 771 4549 note
782 4499 811 4546 in
823 4498 865 4547 lor.
880 4514 904 4563 p
918 4495 959 4547 60.

220 4603 230 4624 ν
246 4587 295 4635 Not
310 4586 335 4633 in
350 4585 389 4642 lt,
403 4585 445 4631 lun
461 4584 567 4633 inserted
579 4582 613 4648 by
626 4583 770 4633 l‘inlrerton.
808 4581 832 4630 lt
843 4595 930 4630 occurs
942 4579 968 4629 in
980 4581 1012 4629 Α.
1026 4577 1077 4628 end
1088 4577 1160 4628 other
1172 4577 1248 4629 ttss.
