3226 5520
666 481 935 554 NINIANI.
1342 499 1383 568 45

218 707 279 743 sero
294 692 357 759 legis
372 700 434 754 erut,
452 694 519 759 quod
536 691 631 758 gratiss,
649 693 718 759 quod
734 692 879 756 honeststis,
899 694 968 761 quod
984 690 1045 746 utile
1061 692 1184 760 proximo,
1202 693 1272 760 quod
1286 699 1385 760 grstum

219 775 285 836 Deo,
298 775 370 827 senili
379 776 432 841 jum
444 784 527 827 ruente
538 776 651 827 excolere
662 791 714 826 noo
725 776 838 827 semarit.

257 877 329 941 Rerp.
366 875 452 927 inians
464 875 557 927 invisus
568 875 684 936 nuscitur,
701 874 706 941 Ι
720 875 814 941 effigies
824 875 959 937 horribilis,

361 958 452 1008 Vultus
463 958 538 1009 dorso
548 956 717 1019 transumitur,
733 956 738 1022 Ι
752 967 891 1008 monstrum
902 958 988 1009 iormae
999 957 1129 1019 mirabilis,

365 1038 463 1098 Manus,
477 1039 554 1104 pedes
564 1048 590 1089 et
600 1037 702 1088 brachis
716 1037 721 1103 Ι
736 1038 831 1089 cunctis
842 1038 970 1104 privantur
981 1040 1084 1101 usibus,

364 1119 458 1172 Christi
469 1119 565 1185 fulgent
576 1119 703 1186 mugnulin
716 1117 722 1184 Ι
735 1119 854 1170 membris
864 1120 891 1170 in
902 1120 1122 1172 transversslibus:

365 1204 457 1268 Sospes
467 1201 613 1267 regreditur.

263 1285 328 1335 Vers.
363 1283 405 1333 Ad
417 1283 522 1334 Niniuni
534 1282 656 1333 tumulum
671 1281 676 1346 Ι
689 1288 780 1333 tetrum
792 1297 881 1332 munus
893 1281 1032 1342 rdducitur,

365 1366 397 1416 In
408 1365 498 1416 summi
510 1365 591 1415 isudis
602 1364 701 1415 titulum
715 1364 720 1429 Ι
735 1371 835 1415 sanstus
846 1363 991 1417 restituitur.

365 1449 463 1498 Manus.
501 1447 595 1499 Gloris.
632 1447 732 1497 Manus.

242 1532 327 1583 Prusa.
363 1531 483 1596 Sospitati
495 1528 600 1580 Niniaui
611 1530 654 1580 dut
666 1529 738 1596 aegris
748 1529 845 1580 oratio:

364 1613 459 1663 Tumor
469 1612 543 1663 caedir
554 1611 705 1676 hydropicis,
719 1618 745 1663 et
755 1612 823 1677 lepre
834 1610 960 1677 contsgio,

364 1695 486 1746 Redditur
497 1695 549 1745 rita
560 1694 705 1758 [deliunctis
715 1702 740 1744 et
753 1695 828 1744 mutis
839 1693 941 1754 locutio,

364 1777 444 1829 escis
454 1777 529 1838 visus,
543 1776 638 1828 claudis
648 1790 754 1841 gressus,
767 1783 792 1826 et
803 1775 884 1826 surdis
895 1774 999 1837 auditio,

364 1858 482 1910 Gaudent
492 1866 566 1924 portu
577 1856 724 1922 nsuirsgsti,
738 1866 763 1908 et
775 1856 865 1907 sterilis
876 1856 938 1918 filiu,

365 1940 514 1992 Liberantur
524 1939 652 2002 osroersti,
665 1940 793 1991 dementer
804 1938 931 1999 demonio,

365 2022 439 2088 Fugit
452 2021 531 2083 thisis,
544 2029 623 2086 gutts,
637 2020 722 2083 febris,
734 2021 852 2087 epileusis
864 2020 955 2086 persio,

364 2103 499 2156 Aridorum
510 2102 623 2155 membru
634 2119 680 2155 suo
693 2103 830 2155 redduntur
841 2102 929 2154 officiu

365 2186 476 2252 Oqusrn
487 2185 577 2250 probat
587 2193 700 2236 sunctum
712 2184 761 2235 Dei
773 2184 853 2235 iurum
865 2182 988 2235 libentio.

365 2268 552 2332 oculorumque
563 2267 731 2318 membrorum
742 2282 808 2316 nors
819 2265 951 2317 restitutio.

365 2351 434 2415 Ergo
445 2350 531 2400 laudes
542 2349 655 2400 Ninisuo
666 2357 751 2399 nostra
762 2349 852 2415 psallet
862 2349 959 2408 ooucio,

365 2431 433 2483 Num
444 2431 487 2498 qui
498 2431 573 2482 corde
584 2438 690 2497 poscunt
701 2430 770 2482 illurn
783 2432 836 2482 loto
847 2430 915 2497 prius
925 2430 995 2492 vitio,

365 2514 457 2579 Sospes
468 2512 612 2578 regreditur.

264 2597 328 2648 Vers.
364 2596 417 2648 Ore
427 2611 474 2663 pro
484 2595 558 2647 nobis
568 2596 642 2647 berte
653 2593 771 2646 Ninisue.

284 2781 339 2832 ΙΙΙ.
363 2780 398 2829 In
414 2778 552 2830 Laudr'brrr.

268 2917 331 2967 Ant.
366 2913 544 2966 collaudemus
554 2911 667 2964 omnium
679 2928 802 2964 summurn
814 2922 960 2977 creatorem,

365 2998 443 3050 Suum
454 2996 497 3063 qui
509 2995 623 3047 mirificet
635 2995 712 3061 signis
723 2995 897 3049 consessorem.

542 3079 584 3128 Pr.
600 3077 724 3128 Dominus
735 3078 855 3142 regnavit.

268 3163 330 3212 Ant.
366 3161 408 3212 Ad
421 3160 507 3213 Ssucti
518 3159 635 3227 reliquias
645 3159 731 3211 sitiens
742 3159 858 3212 virtutem

366 3244 507 3295 Monstrum
519 3243 576 3293 Deo
586 3242 678 3308 gratius
689 3241 782 3308 recepit
793 3241 906 3294 alutem.

543 3326 585 3376 Pr.
597 3324 716 3390 Jubilste.

267 3411 331 3460 Ant.
368 3407 438 3460 Hiue
449 3424 495 3474 pro
505 3407 560 3458 luee
572 3407 670 3472 perdite
680 3407 795 3473 pulsante
806 3406 889 3472 puelle

364 3490 436 3542 Lrets
446 3491 504 3542 iuoe
515 3489 613 3540 redditu
624 3488 688 3540 redit
697 3489 751 3554 jum
764 3488 871 3540 novellu.

543 3572 584 3621 Pr.
601 3570 670 3622 Deus
682 3571 761 3623 Deus.

268 3657 332 3708 Ant.
365 3655 490 3721 Morpheus
500 3653 634 3714 mortiiem,
649 3668 705 3719 quse
715 3668 806 3719 corpus
817 3652 931 3714 obsessit,

366 3738 426 3789 Nou
440 3737 555 3804 linquens
565 3735 670 3802 sestigis
680 3735 779 3802 corpori
791 3735 899 3787 moessit.

542 3820 584 3870 Pr.
600 3817 752 3870 Benedicite.

269 3904 332 3954 Ant.
366 3901 469 3953 Ninisni
482 3900 575 3953 meritis
586 3900 694 3952 morbidi
705 3908 830 3961 curantur,

366 3982 433 4034 Caeei
446 3982 540 4044 vident,
552 3981 657 4032 rudiunt
667 3980 744 4042 surdi,
758 3981 821 4033 muti
832 3980 921 4033 isntur.

543 4065 585 4116 Pr.
600 4063 720 4115 Lsudute.

268 4150 395 4214 Hymnus.
577 4146 657 4197 Adest
668 4145 723 4198 dios
734 4145 827 4197 iretitire

576 4228 680 4279 Ninisoi
692 4227 825 4294 pontificis,

576 4310 634 4374 Quo
644 4309 736 4361 soum
747 4308 852 4375 sumptu
862 4307 956 4374 storin.

576 4390 668 4443 Chosis
678 4398 777 4457 soeptus
787 4389 918 4456 sngeliois.

578 4472 672 4524 Pisude
685 4472 757 4523 turbs
768 4470 889 4535 fidelium,

578 4555 659 4607 Putris
669 4555 754 4608 solens
763 4553 895 4616 mets,
