3226 5520
269 483 311 560 30
779 466 926 545 VITA

266 690 438 746 cernentes
454 681 519 747 Dei
542 681 713 762 famulum,
728 702 804 747 cum
827 681 946 747 timore
961 691 995 746 et
1016 688 1159 746 tremore
1178 678 1222 744 ad
1238 677 1310 762 ejus
1324 697 1435 761 genua

266 787 513 870 provolvuntur,
543 788 675 852 veniam
698 787 912 872 postulantes
973 784 1067 867 Quos
1101 784 1156 848 ille
1188 782 1333 867 benigne
1364 803 1435 847 cor·

267 887 399 971 ripiens,
410 902 445 955 et
457 891 610 957 timorem
627 892 701 969 Dei,
712 910 915 975 poenamque
927 889 1101 974 rapacibus
1114 896 1333 971 praeparatam
1349 887 1435 952 salu·

266 993 330 1056 tari
359 1014 512 1059 sermone
533 996 712 1075 insinuans,
737 994 874 1061 tandem
901 996 981 1060 data
1010 993 1241 1058 benedictione
1268 992 1434 1057 licentiam

267 1095 411 1163 abeundi
427 1100 597 1165 concessit

689 1568 893 1636 CAPUT
935 1568 1014 1633 lx.

328 1758 487 1839 Qusritur
498 1758 658 1824 Ailredus
670 1759 710 1823 dc
724 1758 867 1823 moribus
879 1759 935 1822 sui
947 1757 1061 1823 soemli.
1105 1758 1217 1822 Mores
1230 1756 1378 1822 Niniani

680 1862 884 1926 Miramlum
900 1861 1023 1925 imbris.

267 2048 520 2116 COG1TANTEM
536 2069 590 2113 me
613 2048 812 2113 sanctissimi
834 2048 895 2113 viri
911 2070 1037 2113 morem
1061 2050 1317 2127 sanctissimum,
1333 2047 1437 2133 pudet

266 2154 426 2218 socordiae
457 2164 587 2230 nostrae,
615 2155 718 2237 pudet
744 2153 842 2237 hujus
874 2154 1002 2217 miserae
1032 2154 1255 2237 generationis
1285 2153 1435 2237 ignaviae.

268 2255 353 2341 Quis
369 2277 450 2339 rogo
466 2265 615 2321 nostrum
631 2257 732 2322 etiam
749 2258 833 2321 inter
848 2257 1050 2321 domesticos
1072 2258 1192 2340 saepius
1205 2258 1321 2341 jocosa
1335 2278 1436 2339 quam

267 2362 360 2440 seria,
375 2363 483 2425 otiosa
505 2381 605 2444 quarn
630 2361 732 2438 utilia,
754 2360 898 2424 carnalia
920 2380 1021 2444 quam
1045 2361 1214 2444 spiritalia,
1237 2362 1270 2425 in
1289 2362 1436 2425 medium

269 2480 385 2531 mutua
400 2464 669 2530 confabulatione
684 2475 717 2529 et
732 2464 909 2529 collatione
926 2485 991 2528 non
1008 2465 1178 2549 proferat?
1223 2465 1292 2530 Ora
1303 2486 1378 2549 quae
1394 2465 1436 2529 ad

268 2568 472 2635 laudandum
491 2571 610 2644 Deum,
625 2571 668 2634 ad
689 2590 782 2634 sacra
805 2569 951 2634 misteria
973 2568 1180 2647 celebranda,
1194 2569 1302 2653 gratia
1324 2570 1437 2633 divina

268 2675 417 2753 sacravit,
441 2675 564 2738 cotidie
593 2674 862 2752 detractionibus,
886 2672 1061 2757 verbisque
1091 2673 1302 2738 saecularibus
1331 2672 1437 2757 pollu-

267 2787 374 2843 untur.
421 2779 467 2843 Et
483 2778 546 2842 Dei
566 2779 721 2863 psalmos,
737 2778 954 2861 evangelium,
971 2777 1217 2862 prophetasque
1239 2776 1413 2842 fastidiunt
1429 2797 1437 2855 ;

265 2903 325 2965 per
340 2882 512 2949 hominum
528 2903 630 2967 opera
645 2904 731 2947 vana
751 2892 786 2947 et
802 2883 919 2967 turpia,
935 2891 1007 2946 tota
1030 2882 1084 2945 die
1102 2883 1298 2946 discurrunt
1345 2879 1436 2963 Quid

267 2985 300 3049 in
317 2987 433 3051 itinere
449 2987 574 3071 positi?
619 2989 741 3053 Nonne
764 2988 849 3052 sicut
871 3007 1000 3070 corpus,
1022 2987 1068 3050 ita
1084 2997 1118 3051 et
1141 2987 1281 3065 animus
1296 2994 1368 3049 tota
1382 2986 1438 3050 dic

267 3089 300 3153 in
328 3103 421 3155 motu
449 3101 507 3168 est,
533 3091 647 3176 lingua
676 3092 710 3155 in
737 3092 830 3155 otio?
875 3092 1040 3156 Rumores
1066 3100 1099 3154 et
1131 3111 1238 3154 mores
1264 3090 1436 3153 hominum

267 3193 433 3276 inpiorum
458 3195 490 3258 in
514 3216 570 3259 ore
592 3205 785 3275 versantur,
812 3195 876 3260 risu
904 3204 938 3258 et
965 3193 1097 3257 famulis
1120 3193 1266 3277 gravitas
1284 3192 1437 3276 religiosa

268 3296 479 3377 dissolvitur;
517 3297 652 3381 negotia
682 3318 807 3382 regum,
841 3298 1072 3380 episcoporum
1110 3297 1229 3375 officia,
1257 3297 1438 3361 ministeria

268 3398 471 3476 clericorum,
486 3401 673 3484 principum
696 3402 936 3479 altercationes,
952 3402 1020 3465 vita
1044 3402 1178 3485 insuper
1199 3403 1348 3465 omnium
1368 3422 1437 3464 mo·

268 3506 394 3587 resque
408 3503 637 3570 discutiuntur.
684 3506 808 3569 Praeter
830 3507 938 3589 ipsum
959 3505 1121 3588 judicium
1146 3516 1304 3583 nostrum,
1325 3506 1438 3569 omnia

264 3607 476 3693 judicamus;
498 3620 541 3688 et,
556 3610 645 3693 quod
673 3610 779 3693 magis
801 3610 982 3675 dolendum
1006 3619 1066 3689 est,
1082 3610 1223 3674 invicem
1247 3611 1438 3674 mordemus

268 3723 303 3778 et
318 3713 534 3791 comedimus,
549 3722 586 3777 ut
608 3712 652 3776 ab
668 3713 807 3776 invicem
830 3726 1086 3778 consumamur.¹
1132 3714 1211 3778 Non
1227 3715 1273 3778 sic
1289 3714 1437 3781 beatissi-

269 3837 343 3883 mus
357 3817 542 3897 Ninianus;
566 3837 632 3881 non
649 3817 695 3880 sic
711 3817 805 3900 cujus
816 3817 920 3900 quieti
935 3818 1033 3883 turba
1048 3838 1115 3883 non
1130 3817 1318 3897 obfuit,nec
1334 3820 1437 3883 medi·

268 3921 430 3987 tationem
457 3922 630 4006 impedivit
656 3922 726 4000 iter,
753 3941 813 3986 nec
841 3921 1036 3986 lassitudine
1062 3923 1170 3988 oratio
1193 3924 1307 4007 tepuit
1354 3923 1438 3988 Ubi·

268 4045 400 4110 cunque
435 4027 525 4091 enim
563 4025 746 4104 incedebat,
776 4036 834 4091 aut
872 4027 1023 4090 oratione
1061 4038 1119 4093 aut
1156 4027 1439 4111 contemplatione

302 4295 392 4357 ¹Gal.‚
404 4310 428 4345 v.
446 4303 483 4359 ις.
519 4293 677 4360 complaints
693 4293 788 4345 similar
808 4302 835 4345 to
854 4294 927 4346 those
945 4295 1028 4346 which
1048 4295 1138 4347 Ailred
1154 4296 1214 4348 nere
1229 4297 1316 4348 makes
1333 4313 1390 4361 may
1407 4297 1440 4348 be

266 4376 345 4429 found
364 4377 488 4429 acattered
508 4393 542 4443 up
558 4376 608 4428 and
620 4378 695 4428 down
713 4378 756 4428 the
769 4377 880 4443 writings
897 4377 927 4428 oi
939 4377 982 4428 the
996 4378 1093 4444 period,
1106 4379 1267 4446 particularly
1279 4379 1305 4429 in
1326 4379 1397 4430 those
1413 4379 1444 4431 oi

267 4461 304 4512 St.
319 4461 430 4510 Bernard
441 4461 470 4510 oi
479 4459 619 4511 curmae
657 4460 708 4510 For
718 4476 734 4510 a
744 4459 876 4511 collection
888 4459 919 4511 oi
931 4461 1079 4513 illustrative
1090 4471 1197 4514 extracta
1208 4479 1250 4514 see
1266 4461 1368 4514 Forber¹
1379 4471 1439 4514 note

268 4540 302 4602 U·
316 4558 358 4609 rn-
373 4542 490 4606 ὤμω
