3226 5520
611 494 921 563 COLUMBAE.
1287 504 1345 575 195

181 723 273 766 sacra
290 703 507 768 Eucharistiae
522 715 728 769 consecraret
751 704 915 786 mysteria
962 700 1039 785 Qui,
1054 721 1167 765 eorum
1188 700 1348 763 obsecun-

181 807 265 869 dans
291 807 440 890 jussioni,
470 808 568 871 simul
599 828 674 872 curn
704 808 760 887 eis,
786 808 840 872 die
868 806 1046 870 Dominica
1071 827 1116 869 ex
1143 825 1244 882 more,
1272 812 1349 888 post

183 911 356 993 Evangelii
395 912 578 990 lectionem,
609 912 781 976 ecclesiam
817 913 1007 995 ingreditur,
1039 911 1237 994 ibidemque,
1266 909 1347 972 dum

183 1015 356 1079 missarum
387 1016 547 1079 solemnia
578 1016 828 1093 celebrarentur,
859 1025 992 1079 sanctus
1024 1014 1216 1078 Brendenus
1246 1011 1347 1075 Mocu

182 1118 264 1196 Alti,
289 1120 374 1183 sicut
404 1132 480 1203 post
510 1120 684 1201 Comgello
710 1131 744 1184 et
770 1119 962 1186 Cainnecho
984 1119 1159 1196 intimavit,
1180 1117 1348 1202 quendam

181 1223 358 1287 criniosum
390 1224 523 1305 igneum
555 1223 701 1304 globum,
728 1234 762 1288 et
791 1223 888 1288 valde
918 1223 1129 1300 luminosum,
1159 1223 1201 1286 de
1227 1221 1349 1285 vertice

181 1328 287 1390 sancti
315 1326 497 1404 Columbae,
524 1338 601 1392 ante
628 1328 731 1391 altare
758 1329 885 1405 stantis,
911 1329 967 1391 ad³
992 1347 1118 1391 sacram
1145 1326 1348 1390 oblationem

182 1431 412 1508 consecrantis,
442 1432 568 1495 tamdiu
600 1433 782 1507 ardentem,
811 1433 853 1495 ad
885 1432 988 1496 instar
1017 1431 1156 1514 alicujus
1185 1430 1349 1494 columnae

181 1556 311 1601 sursum
334 1538 579 1616 ascendentem,
599 1537 690 1614 vidit,
714 1539 820 1601 donec
843 1538 961 1601 eadem
986 1533 1220 1619 perficerentur
1241 1554 1349 1598 sacro·

182 1651 297 1706 sancta
318 1641 482 1725 mysteria

563 1996 759 2064 CAPUT
797 1995 970 2061 XVIII.

182 2188 235 2252 De
261 2189 409 2271 Spiritus
431 2187 550 2253 Sancti
568 2186 763 2251 descensione
784 2186 853 2250 sine
874 2185 1068 2264 visitatione,
1089 2206 1159 2268 qnoe
1183 2185 1217 2249 in
1240 2183 1351 2249 cadem

269 2293 378 2357 insula
404 2291 509 2355 tribus
532 2291 693 2354 continuis
720 2291 839 2367 diibus,
865 2290 1056 2373 totidemque
1082 2289 1231 2368 noctibus,
1256 2299 1353 2371 super

269 2396 479 2460 venerabilem
495 2396 618 2460 mansit
632 2398 751 2459 ninam.

183 2586 281 2652 Atto
311 2588 343 2651 in
375 2597 525 2670 tempore
554 2606 630 2650 cum
661 2595 795 2649 sanctus
825 2584 873 2648 vir
904 2584 936 2648 in
970 2584 1097 2649 Himba
1126 2593 1352 2649 commaneret

184 2691 298 2769 insula,
314 2692 422 2774 gratia
437 2691 542 2755 sancti
559 2690 747 2774 spiraminis
763 2711 861 2773 super
876 2710 952 2754 eum
969 2690 1102 2754 abunde
1126 2698 1160 2753 et
1182 2689 1353 2773 incompa-

183 2796 328 2860 rabiliter
343 2795 456 2873 effusa,
472 2815 530 2878 per
546 2797 691 2860 triduum
716 2794 909 2859 mirabiliter
933 2795 1063 2871 mansit,
1079 2794 1126 2858 ita
1147 2804 1185 2858 ut
1206 2815 1263 2878 per
1287 2803 1353 2858 tres

182 2901 254 2963 dies
281 2901 488 2982 totidemque
511 2910 634 2977 noctes,
657 2900 744 2964 intra
769 2899 958 2962 obseratam
985 2908 1019 2962 et
1042 2897 1202 2981 repletam
1224 2897 1352 2962 coelesti

183 3003 378 3067 claritudine
394 3005 530 3067 domurn
548 3022 695 3080 manens,
711 3002 837 3066 nullum
855 3003 897 3065 ad
913 3023 948 3065 se
966 3003 1124 3065 accedere
1138 3001 1353 3084 permitteret,

183 3127 290 3190 neque
320 3109 525 3170 manducans
556 3126 664 3189 neque
693 3106 818 3169 bibens.
879 3105 933 3168 De
964 3124 1030 3187 qua
1058 3103 1209 3168 videlicet
1240 3106 1352 3183 domo,

184 3213 355 3274 immensae
381 3210 540 3274 claritatis
571 3211 662 3288 radii,
693 3230 751 3293 per
777 3208 910 3272 rimulas
937 3209 1116 3283 valvarum,
1146 3218 1180 3272 et
1210 3207 1353 3272 clavium

183 3311 354 3390 foramina,
383 3322 603 3395 erumpentes,
641 3322 740 3376 noctu
772 3311 969 3375 visebantur.
1030 3310 1188 3376 Carmina
1220 3330 1354 3394 quoque

183 3418 337 3498 quaedam
369 3416 529 3499 spiritalia
559 3426 593 3480 et
623 3427 701 3479 ante
731 3417 881 3480 inaudita
910 3415 1080 3479 decantari
1107 3415 1215 3478 abeo
1240 3415 1353 3478 audie-

184 3520 311 3583 bantur.
359 3519 426 3584 Sed
457 3529 490 3582 et
522 3519 626 3583 multa
651 3520 817 3603 quaedam,
840 3529 876 3583 ut
903 3519 973 3602 ipse
999 3528 1076 3602 post
1101 3537 1213 3582 coram
1240 3518 1355 3602 paucis

183 3625 365 3687 admodum
397 3624 562 3707 professus
591 3633 651 3701 est,
681 3623 811 3687 occulta
841 3623 884 3687 ab
917 3624 1057 3687 exordIo
1087 3623 1202 3688 mundi
1234 3643 1354 3688 arcana

184 3741 297 3809 aperte
324 3726 536 3790 manifestata
562 3727 705 3791 videbat.
761 3727 1005 3811 Scripturarum
1031 3747 1164 3811 quoque
1186 3748 1353 3791 sacrarum

184 3831 324 3892 obscura
345 3850 487 3913 quaeque
510 3838 544 3893 et
570 3829 773 3907 difficillima,
795 3831 904 3914 plana,
926 3840 961 3894 et
987 3830 1059 3894 luce
1086 3831 1204 3895 clarius
1230 3839 1354 3915 aperta,

185 3934 392 3997 mundissimi
409 3934 517 3997 cordis
533 3934 637 3998 oculis
653 3935 821 4017 patebant
879 3934 1165 4018 Baitheneumque
1180 3935 1353 4001 alumnum

186 4057 250 4100 non
268 4037 383 4100 adesse
398 4038 612 4121 querebatur;
627 4039 684 4122 qui
700 4038 726 4102 si
744 4037 827 4103 sorte
843 4040 974 4103 adesset
991 4039 1047 4102 illo
1063 4040 1095 4103 in
1113 4040 1232 4117 triduo,
1243 4040 1294 4104 vel
1311 4041 1354 4103 dc

185 4141 359 4224 praeteritis
374 4141 425 4204 vel
444 4143 486 4205 dc
503 4142 618 4206 tuturis
633 4142 790 4225 deinceps
806 4143 937 4206 saeculis
952 4143 995 4206 ab
1010 4162 1066 4206 ore
1082 4143 1141 4206 viri
1157 4143 1247 4208 beati
1262 4163 1353 4226 quae-

184 4246 261 4308 dam
279 4245 430 4328 plurima,
443 4246 485 4308 ab
501 4245 573 4309 aliis
590 4246 740 4329 ignorata
756 4245 954 4324 hominibus,
967 4247 1124 4331 mysteria
1139 4246 1355 4326 describeret;

184 4349 372 4432 aliquantas
392 4370 525 4432 quoque
547 4371 714 4415 sacrorum
738 4351 993 4435 explanationes
1015 4351 1230 4416 voluminum.
1285 4350 1353 4434 Qui

709 4588 816 4649 seen.
