3226 5520
622 872 824 939 CAPUT
862 872 983 938 XIV.

219 1078 270 1142 De
312 1079 500 1162 angelorum
551 1079 812 1160 manifestatione
862 1080 1001 1164 alrbujus
1044 1077 1221 1143 Emclratlri
1268 1077 1389 1143 animo

693 1182 903 1248 obviantium.
942 1248 946 1256 ,

220 1370 318 1435 Amo
344 1371 377 1434 in
404 1380 563 1453 tempore,
586 1370 635 1435 vir
661 1382 804 1449 sanctus,
818 1372 905 1436 ultra
933 1372 1128 1437 Brittanniae
1153 1371 1298 1436 Dorsum
1326 1373 1387 1437 iter

219 1496 331 1558 agens,
357 1495 451 1539 secus
479 1476 578 1539 Nesae
603 1475 747 1540 fluminis
774 1476 892 1554 lacum,
918 1476 1029 1541 subito
1056 1476 1233 1560 inspiratus
1261 1475 1386 1559 Spiritu

219 1580 354 1657 Sancto,
391 1579 433 1643 ad
475 1578 591 1644 iratres
629 1580 751 1662 pariter
787 1589 1036 1644 commeantes:
1074 1581 1300 1664 Properemus,
1329 1581 1387 1658 ait,

218 1684 342 1747 sanctis
372 1682 504 1746 obviam
536 1682 670 1766 angelis,
702 1684 759 1764 qui
785 1686 829 1748 de
858 1683 997 1747 summis
1026 1685 1101 1747 coeli
1129 1684 1317 1765 regionibus
1343 1685 1386 1747 ad

219 1786 459 1871 praelerendam
475 1787 614 1870 alicujus
636 1787 784 1870 gentilici
802 1787 948 1851 animam
964 1788 1086 1865 emissi,
1102 1807 1163 1851 nos
1186 1787 1262 1851 illuc
1282 1807 1387 1871 usque

218 1891 447 1975 pervenientes
463 1899 670 1974 exspectant,
685 1900 723 1955 ut
745 1891 865 1975 ipsum,
880 1890 1029 1956 naturale
1050 1890 1174 1956 bonurn
1197 1911 1257 1974 per
1279 1899 1386 1955 totam

218 1995 322 2059 vitam
348 1994 524 2078 usquead
551 2004 738 2059 extremam
765 2003 969 2059 senectutem
997 2005 1258 2073 conservantem,
1282 1995 1387 2078 prius-

218 2119 319 2181 quam
359 2099 525 2176 moriatur,
562 2107 749 2181 opportune
785 2098 1000 2182 baptizemus.
1069 2099 1123 2178 Et,
1156 2099 1228 2162 haec
1265 2099 1388 2178 dicens,

219 2212 353 2267 sanctus
369 2224 474 2266 senex
490 2203 522 2266 in
539 2212 701 2285 quantum
726 2204 834 2286 potuit
850 2203 988 2267 comites
1010 2201 1148 2267 festinus
1169 2203 1387 2286 praecedebat,

218 2307 325 2369 donec
353 2306 384 2369 in
412 2306 505 2369 illum
533 2307 667 2370 devenit
692 2327 809 2388 agrum
836 2307 892 2389 qui
922 2306 1119 2370 Aircardan¹
1156 2316 1387 2389 nuncupatur:

219 2411 409 2493 ibidemque
424 2410 559 2492 quidam
580 2420 728 2492 repertus
750 2430 864 2487 senex,
881 2409 1065 2474 Emchatus
1089 2412 1231 2487 nomine,
1247 2411 1386 2475 audiens

219 2536 240 2578 a
256 2514 381 2580 Sancto
405 2514 553 2578 verbum.
567 2514 632 2577 Dei
655 2514 881 2596 praedicatum,
901 2524 934 2576 et
957 2515 1103 2591 credens,
1118 2513 1305 2597 baptizatus
1327 2525 1387 2593 est,

219 2628 253 2682 et
275 2618 443 2694 continuo,
459 2617 555 2681 laetus
577 2626 612 2680 et
634 2637 775 2695 securus,
797 2637 872 2681 cum
896 2617 1024 2700 angelis
1046 2617 1258 2681 obviantibus
1280 2618 1319 2697 ei,
1343 2618 1386 2683 ad

220 2720 404 2785 Dominum
427 2720 665 2802 commigravit
713 2720 780 2785 Sed
799 2730 833 2784 et
856 2719 942 2785 lilius
964 2721 1036 2804 ejus
1058 2720 1237 2785 Virolicus²
1250 2721 1387 2787 credens

220 2846 295 2890 curn
312 2834 383 2890 tota
398 2825 501 2889 domo
516 2832 566 2889 est
585 2823 780 2908 baptizatus.

640 3243 838 3311 CAPUT
875 3244 965 3310 XV.

219 3449 271 3513 De
285 3449 397 3533 angelo
412 3448 551 3512 Domini
563 3448 622 3531 qui
641 3447 743 3512 alr‘cui
754 3447 868 3528 fratri
880 3450 968 3530 lapso
982 3447 1021 3510 de
1041 3447 1230 3512 rnonasterii
1249 3448 1387 3513 mlrnine

278 3553 418 3630 rotundi,
433 3554 468 3616 in
484 3553 636 3618 Roboreti
652 3551 771 3636 Campo
784 3562 953 3636 opportune
967 3559 1037 3616 tam
1051 3552 1112 3616 cito
1125 3551 1323 3618 subvenerat.

219 3754 318 3821 Αιιο
334 3755 366 3819 in
390 3764 549 3838 tempore,
571 3753 620 3818 vir
642 3762 785 3831 sanctus,
807 3753 889 3817 dum
912 3752 946 3816 in
969 3751 1136 3836 tuguriolo
1158 3771 1219 3816 suo
1240 3751 1387 3817 scribens

218 3863 356 3938 sederet,
372 3860 482 3924 subito
497 3859 569 3943 ejus
584 3859 790 3923 immutatur¹
815 3857 924 3936 iacies,
938 3867 973 3922 et
995 3857 1081 3922 banc
1097 3876 1180 3940 puro
1195 3858 1238 3921 de
1253 3868 1387 3940 pectore

218 3965 341 4049 promit
355 3985 483 4041 vocem,
498 3965 633 4028 dicens:
656 3962 840 4041 Auxiliare,
856 3961 1025 4027 auxiliare.
1071 3963 1150 4026 Duo
1172 3982 1250 4026 vero
1271 3961 1386 4026 iratres

251 4230 262 4258 ¹
276 4218 464 4277 Aircbartulun,
476 4233 532 4266 now
541 4217 607 4267 Glen
620 4215 756 4282 Urqubert,
768 4231 802 4266 on
813 4216 856 4266 tbe
868 4222 928 4266 west
939 4214 993 4265 side
1001 4215 1030 4265 ol
1039 4214 1109 4265 Locb
1121 4215 1195 4266 Neo.
1224 4216 1259 4265 Ar
1271 4215 1387 4281 Temple·

218 4301 297 4353 boore
317 4301 343 4351 in
362 4301 405 4351 tbe
421 4308 539 4351 entrance
558 4299 586 4349 ol
604 4298 647 4349 tbe
663 4300 730 4364 gleb,
749 4314 782 4349 on
799 4314 815 4349 a
831 4307 888 4364 spot
905 4314 962 4349 now
979 4298 1083 4350 marked
1094 4298 1127 4364 by
1138 4314 1153 4348 a
1165 4299 1232 4364 terge
1243 4298 1288 4349 uh
1299 4306 1388 4360 tree‚a

218 4383 312 4435 church
323 4383 344 4433 is
355 4383 409 4433 said
423 4391 449 4433 to
460 4382 525 4433 heve
535 4381 651 4447 formerly
663 4381 743 4433 rtoort

256 4482 266 4506 ²
281 4466 410 4526 virolecus,
424 4467 456 4515 Α.

256 4556 266 4585 ¹
281 4546 421 4609 immutate,
436 4552 467 4598 Α
