3226 5520
207 608 251 689 98
515 603 662 670 vr‘rn
701 602 1004 671 11.-Lrsa1e
1042 602 1071 670 1.

207 810 358 877 benedici
374 832 394 877 a
410 810 536 878 Sancto
550 810 676 896 petivit,
694 829 770 876 curn
793 810 910 876 ceteris
932 810 965 875 in
988 809 1070 875 mari
1092 827 1241 875 eremum
1255 804 1377 892 quaesi·

208 926 308 982 turus.
354 915 416 982 Cui
431 915 620 981 valedicens
643 915 786 981 Sanctus
808 914 872 979 hoc
893 916 936 981 de
959 915 1032 1000 ipso
1054 914 1284 999 propheticum
1299 931 1379 997 pro·

208 1020 284 1087 tulit
299 1020 457 1086 verbum:
482 1020 549 1085 Hic
567 1021 677 1098 homo,
699 1020 755 1104 qui
778 1020 821 1083 ad
844 1019 1061 1103 quaerendum
1077 1020 1111 1083 in
1126 1038 1252 1083 oceano
1265 1018 1379 1083 deser·

208 1134 280 1190 tum
297 1124 413 1209 pergit,
429 1144 496 1189 non
519 1125 553 1189 in
576 1125 708 1189 deserto
729 1124 883 1189 conditus
906 1123 1054 1207 jacebit;
1079 1125 1137 1189 sed
1165 1122 1222 1188 illo
1245 1121 1278 1186 in
1301 1119 1379 1186 loco

208 1227 385 1311 sepelietur
398 1227 456 1292 ubi
472 1248 551 1292 oves
567 1227 690 1293 semina
705 1237 797 1292 trans
808 1228 995 1311 sepulcrum
1011 1227 1083 1312 ejus
1099 1226 1247 1292 minabit
1279 1224 1377 1289 Idem

208 1332 321 1416 itaque
349 1332 518 1411 Baitanus,
547 1342 623 1416 post
653 1332 770 1416 longos
800 1352 859 1416 per
887 1341 1027 1396 ventosa
1052 1331 1207 1396 circuitus
1232 1347 1381 1412 aequora,

208 1455 320 1501 eremo
336 1456 403 1500 non
420 1445 559 1520 reperta,
580 1437 623 1501 ad
647 1438 788 1520 patriam
815 1456 972 1514 reversus,
999 1435 1112 1500 multis
1134 1435 1258 1500 ibidem
1281 1433 1379 1498 annis

208 1540 382 1624 cujusdam
412 1540 540 1606 cellulae
555 1541 711 1606 dominus
733 1541 900 1619 remansit,
922 1561 998 1624 quae
1021 1540 1153 1606 Scotice
1179 1537 1379 1622 Lathregin·

209 1643 288 1708 den³
302 1644 429 1709 dicitur.
469 1644 592 1708 lisdem
604 1644 721 1709 diebus
736 1645 865 1722 accidit,
877 1643 998 1728 quibus
1010 1651 1085 1727 post
1100 1642 1212 1727 aliqua
1227 1648 1380 1706 mortuus

208 1756 369 1832 tempora,
386 1747 535 1832 sepultus
550 1758 601 1813 est
616 1748 649 1812 in
666 1748 837 1813 Roboreto
860 1747 1028 1831 Calgachi,
1042 1756 1080 1812 ut
1094 1755 1230 1831 propter
1251 1742 1380 1809 hostili·

209 1852 288 1916 tatis
304 1852 469 1918 incursum
485 1851 594 1916 vicina
608 1853 651 1916 ad
667 1851 816 1935 ejusdcm
840 1851 903 1915 loci
926 1850 1098 1915 ecclesiam
1114 1846 1286 1933 plebecula
1300 1865 1380 1912 cum

211 1955 404 2020 mulieribus
419 1965 454 2021 et
471 1955 616 2040 parvulis
638 1955 839 2039 confugeret
885 1955 987 2022 Unde
1009 1954 1151 2036 contigit
1172 1962 1210 2017 ut
1231 1951 1379 2036 quadam

209 2059 265 2125 die
280 2060 398 2125 mulier
412 2060 714 2143 deprehenderetur
731 2060 851 2144 aliqua,
874 2080 949 2143 quae
971 2079 1049 2124 suas
1071 2079 1130 2142 per
1152 2057 1302 2141 ejusdem
1317 2052 1381 2120 viri

210 2163 398 2248 sepulcrum
423 2183 528 2248 nuper
553 2163 675 2248 sepulti
700 2164 847 2229 oviculas
873 2163 1029 2227 minabat
1076 2161 1122 2226 Et
1145 2180 1231 2225 unus
1256 2179 1301 2223 ex
1327 2158 1382 2223 his

210 2267 267 2351 qui
293 2268 446 2332 viderant
471 2276 606 2332 sanctus
632 2269 785 2332 sacerdos
810 2266 919 2331 dixit:
948 2266 1046 2330 Nunc
1072 2264 1247 2349 prophetia
1272 2260 1382 2327 sancti

211 2370 385 2437 Columbae
400 2371 538 2455 expleta
552 2379 612 2450 est,
627 2370 741 2436 multis
756 2372 846 2455 prius
861 2370 1033 2454 divulgata
1044 2369 1149 2435 annis.
1181 2366 1249 2451 Qui
1264 2367 1381 2450 utique

210 2493 310 2557 supra
325 2485 528 2539 memoratus
542 2475 715 2559 presbyter
735 2474 816 2538 mihi
840 2474 912 2539 haec
935 2476 979 2539 de
1002 2475 1144 2539 Baitano
1158 2492 1315 2538 enarrans
1330 2491 1382 2537 re·

210 2576 296 2656 tulit,
312 2575 540 2644 Mailodranus
554 2580 698 2658 nomine,
713 2578 836 2646 Christi
857 2578 962 2657 miles,
976 2588 1076 2664 gente
1093 2577 1296 2643 Mocucurin.

612 2982 685 3049 CA
700 2983 725 3047 P
739 2982 816 3050 UT
855 2983 887 3048 X
902 2983 935 3047 X
950 2982 982 3048 l.

244 3171 297 3237 De
321 3171 468 3237 Nemano
489 3172 627 3256 quidm
644 3172 730 3254 fr'cto
743 3171 915 3256 paenitente
937 3170 1055 3237 Sancti
1067 3169 1237 3254 prophetia
1265 3168 1348 3235 Viri.

213 3358 311 3424 ALIO
341 3358 374 3421 in
404 3367 555 3442 tempore
585 3358 729 3424 Sanctus
758 3361 800 3424 ad
830 3359 1028 3425 Hinbinam¹
1057 3359 1199 3426 insulam
1223 3361 1384 3443 pervenit,

213 3464 397 3546 eademque
412 3463 466 3526 die
483 3473 518 3527 ut
534 3464 634 3528 etiam
658 3465 899 3547 poenitentibus
921 3465 1032 3547 aliqua
1055 3466 1205 3548 praecipit
1223 3464 1287 3529 cibi
1303 3484 1384 3528 con-

213 3566 333 3631 solatio
349 3566 581 3650 indulgeretur.
628 3568 709 3632 Erat
729 3578 840 3632 autem
857 3568 902 3632 ibi
919 3569 1004 3632 inter
1028 3569 1229 3651 poenitentes
1244 3567 1383 3651 quidam

215 3672 397 3748 Nemanus,
422 3670 508 3735 filius
534 3670 657 3749 Cathir‚
673 3673 739 3754 qui,
762 3693 783 3736 a
807 3671 933 3737 Sancto
956 3672 1078 3755 jussus,
1101 3672 1208 3735 renuit
1233 3672 1383 3736 oblatam

213 3776 362 3858 accipere
376 3775 703 3840 consolatiunculam.
749 3775 859 3858 Quem
877 3777 1020 3842 Sanctus
1043 3777 1094 3839 his
1116 3775 1295 3859 compellat
1310 3797 1384 3841 ver-

213 3879 283 3943 bis:
307 3876 518 3956 ONemaue,
533 3899 553 3942 a
569 3899 622 3942 me
638 3888 671 3943 et
694 3879 878 3942 Baithcneo
902 3878 1065 3942 indultam
1090 3898 1156 3941 non
1184 3879 1300 3961 recipis
1323 3879 1385 3943 ali·

214 4001 315 4064 quam
331 3980 518 4046 resectionis
534 3981 799 4065 indulgentiam?
838 3981 911 4045 Erit
927 3990 1059 4064 tempus
1071 4001 1138 4064 quo
1153 4001 1229 4045 cum
1246 3981 1384 4063 iuranti·

213 4084 289 4150 bus²
313 4084 432 4149 furtive
461 4104 594 4150 carnem
625 4087 658 4149 in
689 4086 771 4150 silva
802 4085 1019 4152 manducabis
1049 4105 1151 4168 equae.
1199 4085 1266 4149 Hic
1291 4086 1383 4150 idem

214 4190 335 4272 itaque,
350 4199 468 4272 postea
483 4191 525 4254 ad
542 4189 699 4254 saeculum
724 4211 880 4269 reversus,
896 4191 929 4254 in
945 4190 1031 4254 saltu
1048 4210 1123 4254 cum
1140 4188 1265 4253 iuribus
1280 4189 1384 4253 talem

213 4295 392 4359 comedens
407 4314 549 4372 carnem,
561 4294 662 4377 juxta
677 4295 813 4359 verbum
837 4294 961 4373 Sancti,
976 4295 1019 4359 de
1041 4293 1198 4358 craticula
1213 4302 1383 4376 sumptam

215 4397 334 4482 lignea,
349 4400 504 4463 inventus
519 4408 577 4464 est

247 4647 260 4686 a
273 4631 326 4683 Not
338 4631 477 4685 identified.
801 4648 814 4688 4
829 4633 952 4686 Mocuriu.

248 4727 258 4756 ¹
272 4715 321 4771 See
332 4715 375 4769 the
387 4715 443 4768 lise
455 4716 489 4785 by
500 4715 643 4780 Commian,
656 4731 679 4768 c.
695 4726 718 4786 5,
732 4732 757 4768 a
772 4729 796 4787 3.
1026 4728 1038 4757 ¹
1051 4715 1185 4771 furacibus
