3226 5520
646 490 958 560 COLUMBAE.
1323 512 1383 580 117

219 699 360 766 contulit
381 700 497 786 gratia,
511 710 549 767 ut
571 701 673 768 etiam
695 711 814 783 totum,
830 704 907 771 licet
929 725 996 770 non
1016 724 1155 789 semper,
1169 704 1272 772 totius
1290 713 1386 772 terrae

219 804 343 885 orbem,
362 827 437 872 cum
461 807 589 873 ambitu
610 809 726 874 oceani
749 819 783 875 et
805 809 889 890 coeli,
909 830 976 875 uno
997 811 1182 895 eodemque
1204 820 1386 889 momento,

219 911 314 995 quasi
329 911 391 976 sub
409 931 477 975 uno
496 913 575 977 solis
597 914 699 993 radio,
715 914 908 981 mirabiliter
927 916 1043 981 laxato
1066 916 1187 982 mentis
1201 917 1285 996 sinu,
1299 914 1386 980 clare

220 1024 254 1079 et
270 1015 535 1082 manifestissime
550 1018 767 1101 speculentur.

265 1120 342 1184 Hoc
358 1121 551 1186 miraculum
565 1121 717 1201 Sanctus,
732 1122 884 1206 quamvis
895 1124 937 1188 de
948 1122 1021 1188 aliis
1032 1122 1145 1189 electis
1156 1123 1265 1188 dicere
1276 1124 1386 1191 videa·

220 1232 282 1302 tur,
292 1244 413 1290 vanam
429 1226 543 1310 utique
559 1225 688 1310 fugiens
703 1227 853 1311 gloriam,
867 1228 910 1292 de
925 1229 1035 1313 seipso
1050 1237 1162 1294 tamen
1179 1229 1313 1306 dixisse,
1328 1249 1388 1313 per

219 1328 392 1413 obliquum
408 1330 492 1410 licet,
504 1330 613 1395 nullus
625 1330 777 1396 dubitare
792 1333 901 1410 debet,
917 1334 973 1416 qui
990 1333 1130 1398 Paulum
1146 1332 1227 1418 legit
1239 1332 1386 1417 Aposto-

220 1432 298 1512 lum,
310 1454 368 1500 vas
379 1434 558 1514 electionis,
570 1436 612 1500 de
623 1435 746 1501 talibus
758 1445 946 1502 narrantem
960 1437 1022 1502 sibi
1034 1436 1186 1503 revelatis
1197 1437 1386 1503 visionibus.

221 1537 299 1602 Non
322 1538 411 1603 enim
433 1539 481 1605 ita
503 1539 654 1623 scripsit:
681 1538 760 1607 Scio
783 1561 844 1621 me,
867 1541 925 1606 sed
950 1540 1028 1608 Scio
1061 1540 1231 1606 hominem
1254 1550 1386 1625 raptum

220 1662 324 1726 usque
353 1643 396 1708 ad
423 1643 556 1709 tertium
588 1644 717 1710 coelum
778 1645 879 1730 Quod
905 1645 1089 1730 quamlibet
1118 1643 1161 1710 de
1187 1643 1254 1710 alio
1278 1644 1389 1710 dicere

219 1747 379 1829 videatur,
409 1768 508 1813 nemo
537 1758 650 1815 tamen
680 1748 813 1816 dubitat
842 1749 890 1815 sic
918 1751 961 1816 de
990 1749 1134 1835 propria,
1162 1748 1386 1815 humilitatem

220 1851 419 1930 custodiens,
433 1872 585 1919 enarrare
599 1874 748 1938 persona
793 1853 904 1939 Quem
925 1854 1027 1921 etiam
1042 1863 1077 1920 et
1094 1862 1207 1919 noster
1222 1853 1388 1920 Columba

220 1955 253 2020 in
292 1955 489 2040 spiritalium
526 1959 690 2023 visionum
736 1960 924 2025 narratione
967 1968 1100 2025 secutus
1144 1968 1195 2025 est
1238 1957 1387 2043 superius

221 2069 413 2139 memorata,
423 2082 525 2146 quam
541 2063 585 2128 ab
599 2083 640 2128 eo
651 2064 860 2147 supradictus
871 2064 930 2142 vir,
940 2084 1041 2148 quem
1053 2064 1232 2147 plurimum
1245 2062 1388 2130 Sanctus

219 2164 362 2245 amabat,
375 2167 505 2251 magnis
519 2168 671 2252 precibus
683 2168 869 2252 praemissis,
883 2169 943 2233 vix
957 2168 1067 2253 potuit
1081 2178 1288 2252 extorquere,
1303 2167 1389 2231 sicut

219 2268 290 2352 ipse
305 2290 416 2336 coram
439 2271 578 2338 aliorum
601 2273 750 2357 personis
771 2283 970 2353 sauctorum,
986 2281 1063 2358 post
1084 2272 1190 2338 sancti
1213 2269 1388 2337 Columbae

104 2376 107 2381 '
219 2374 404 2453 transitum,
425 2384 567 2442 testatus
588 2386 661 2443 est:
686 2377 842 2462 aquibus
867 2377 939 2444 haec
965 2398 1041 2463 quae
1066 2377 1111 2445 de
1136 2377 1263 2445 Sancto
1287 2394 1388 2459 supra

219 2479 424 2546 narravimus
438 2479 665 2549 indubitanter
678 2481 862 2547 didicimus

602 2903 806 2974 CAPUT
843 2903 1002 2972 XLIV.

592 3079 644 3146 De
668 3077 816 3147 Cronano
836 3077 1009 3164 Episcopo.¹

222 3271 320 3339 Amo
335 3271 369 3337 in
384 3281 544 3356 tempore,
558 3270 696 3356 quidam
710 3269 753 3336 de
769 3269 1030 3336 Muminensium
1046 3267 1228 3354 provincia·
1241 3268 1389 3355 prosely-

221 3386 288 3443 tus³
301 3378 344 3443 ad
368 3376 530 3444 Sanctum
553 3377 665 3457 venit;
686 3375 743 3460 qui
766 3396 802 3441 se
824 3376 1040 3460 inquantum
1068 3375 1178 3459 potuit
1199 3372 1390 3440 occultabat

221 3481 398 3561 humiliter,
420 3489 458 3546 ut
480 3480 590 3546 nullus
617 3481 715 3546 sciret
740 3480 831 3564 quod
854 3488 942 3546 esset
963 3480 1160 3563 episcopus:
1193 3480 1252 3545 sed
1275 3488 1389 3544 tamen

222 3585 383 3653 Sanctum
409 3584 473 3650 hoc
496 3604 563 3649 non
586 3585 696 3669 potuit
717 3585 827 3650 latere
888 3584 977 3649 Nam
1000 3582 1067 3649 alia
1087 3582 1143 3649 die
1164 3583 1344 3649 Dominica
1369 3603 1390 3649 a

222 3689 348 3757 Sancto
382 3689 493 3772 jussus
523 3687 645 3755 Christi
675 3708 795 3773 corpus
824 3709 870 3753 ex
900 3706 991 3752 more
1027 3685 1197 3767 conficere,
1227 3686 1388 3754 Sanctum

221 3794 374 3871 advocat,
395 3802 434 3857 ut
459 3790 567 3871 simul,
592 3793 687 3876 quasi
714 3793 783 3858 duo
805 3790 999 3876 presbyteri,
1020 3790 1236 3855 Dominicum
1267 3811 1389 3876 panem

222 3896 418 3980 frangerent
476 3894 620 3962 Sanctus
641 3897 781 3980 proinde
807 3896 850 3962 ad
876 3895 1030 3961 altarium
1057 3896 1227 3976 accedens,
1254 3904 1389 3980 repente

222 4000 361 4065 intuitus
377 3998 494 4064 faciem
510 3999 590 4083 ejus,
606 4000 744 4065 siceum
760 3999 962 4084 compellat:
984 3998 1166 4064 Benedicat
1181 4008 1215 4065 te
1230 3997 1390 4079 Christus,

222 4103 322 4169 frater
336 4127 344 4184 ;
359 4104 446 4168 hunc
461 4102 560 4183 solus,
575 4103 755 4187 episcopali
770 4103 844 4182 ritu,
859 4102 974 4186 frange
985 4123 1115 4187 panem.
1155 4102 1253 4167 Nunc
1267 4102 1390 4168 scimus

222 4211 312 4292 quod
334 4208 379 4272 sis
401 4207 581 4292 episcopua
627 4206 740 4291 Quare
762 4207 932 4292 bucusque
954 4215 988 4272 te
1002 4206 1169 4273 occultare
1190 4215 1331 4272 conatus
1345 4227 1390 4287 es,

255 4450 265 4479 ¹
281 4440 416 4494 Identified
426 4441 460 4508 by
471 4439 569 4508 Colgao
581 4439 642 4494 vritb
653 4441 697 4495 ibe
707 4440 803 4509 Bbbop
814 4440 916 4494 cmm
927 4438 1012 4495 suom
1022 4438 1056 4493 be
1066 4437 1228 4492 mentionem
1239 4438 1301 4494 Feb.
1313 4450 1338 4504 9.

253 4525 1010 4674 {meibommomeodotuedcpm
