3226 5520
224 470 286 535 ¹90
500 451 646 519 VITA
686 449 987 518 II.—LIBER
1025 448 1112 515 ΙΙΙ.

219 656 336 722 fratres
351 659 585 742 obsequuntur,
600 668 634 722 et
645 659 746 741 juxta
769 656 883 723 Sancti
896 655 1088 740 jussionem,
1103 655 1228 718 eadem
1244 651 1412 716 ociantur

219 761 296 840 die;
318 763 578 846 praeparatisque
602 761 711 840 sacris,
726 762 769 824 ad
796 759 978 838 ecclesiam,
1001 757 1203 835 ministeriis,
1218 755 1322 840 quasi
1349 754 1409 818 die

220 865 359 928 solemni
374 866 500 930 abbati¹
514 885 590 930 cum
608 866 734 931 Sancto
749 873 898 949 pergunt.
931 863 997 929 Sed
1015 861 1108 940 lorte,
1124 861 1209 925 dum
1227 861 1320 925 inter
1336 857 1406 923 alia

219 989 294 1032 cum
312 971 538 1034 modulatione
553 969 661 1033 officia
676 971 732 1032 illa
747 978 905 1033 consueta
920 969 1152 1031 decantaretur
1162 965 1398 1048 deprecatio,¹

219 1073 253 1136 in
276 1093 343 1156 qua
365 1075 470 1139 sancti
493 1074 629 1139 Martini
652 1083 932 1138 commemoratur
954 1092 1086 1148 nomen,
1108 1070 1224 1135 subito
1247 1069 1402 1135 Sanctus

219 1178 262 1240 ad
277 1188 438 1257 cantores,
453 1179 602 1262 ejusdem
619 1180 785 1243 onomatis
804 1179 845 1241 ad
863 1177 972 1241 Iocum
989 1175 1243 1260 pervenientes:
1269 1174 1401 1249 Hodie,

219 1280 274 1357 ait,
290 1301 350 1364 pro
365 1291 481 1345 sancto
496 1281 707 1348 Columbano
722 1281 892 1365 episcop0³
915 1281 1091 1344 decantare
1105 1277 1246 1342 debetis
1294 1276 1398 1339 Tunc

219 1404 335 1447 omnes
372 1386 428 1468 qui
466 1387 594 1450 inerant
632 1385 748 1450 iratres
785 1385 988 1462 intellexere,
1024 1383 1115 1468 quod
1149 1380 1397 1455 Columbanus,

220 1487 394 1571 episcopus
423 1489 635 1572 Lagenensis,
663 1510 757 1553 carus
780 1489 954 1554 Columbae
976 1488 1111 1565 amicus,
1133 1488 1176 1550 ad
1203 1485 1396 1549 Dominum

220 1593 438 1673 emigraverit
485 1595 529 1659 Et
546 1605 621 1677 post
643 1594 782 1678 alicujus
806 1594 965 1677 temporis
987 1590 1207 1667 intervallum,
1222 1589 1329 1673 aliqui
1353 1589 1398 1652 de

221 1692 389 1776 Lagenica
425 1708 651 1760 commeantes
688 1696 858 1780 provincia
889 1716 928 1759 ea
959 1704 1056 1760 nocte
1085 1695 1229 1759 eundem
1268 1692 1395 1757 obiisse

221 1799 379 1862 nunciant
393 1800 586 1883 episcopum
602 1821 669 1885 qua
685 1799 811 1866 Sancto
826 1801 873 1864 ita
888 1800 1069 1865 revelatum
1085 1806 1143 1863 est.

617 2168 816 2236 CAPUT
855 2169 987 2235 XIII.

220 2334 272 2398 Dc
292 2337 480 2420 angelorum
503 2340 710 2422 apparitione,
731 2343 790 2425 qui
811 2341 938 2405 obviarn
961 2340 1132 2404 animabus
1153 2339 1261 2403 sancti
1281 2360 1393 2402 mona-

531 2444 662 2508 clrarum
680 2446 834 2528 Corrigelli
846 2446 1078 2510 descenderant.

221 2611 318 2676 ALIO
338 2613 372 2676 in
395 2624 553 2697 tempore,
575 2618 625 2681 vir
648 2619 862 2694 venerandus,
878 2638 954 2681 cum
978 2617 1011 2681 in
1035 2616 1119 2680 Iona
1141 2625 1395 2681 conversaretur

222 2716 337 2790 insula,
353 2719 497 2799 quadarn
514 2720 715 2783 subitatione
732 2721 894 2799 incitatus,
911 2723 1006 2804 signo
1021 2731 1229 2804 personante,
1242 2720 1394 2785 collectis

221 2818 394 2885 iratribus:
432 2821 538 2901 Nunc,
568 2824 625 2900 ait,
654 2825 804 2889 oratione
836 2826 1007 2889 monachis
1036 2824 1167 2889 abbatis
1198 2823 1387 2906 Comgelli¹

219 2923 427 3002 auxiliemur,
442 2926 504 2989 hac
522 2927 553 2989 in
570 2925 650 2990 hora
666 2928 698 2990 in
717 2928 846 3012 Stagno
862 2930 1020 2993 demersis
1035 2928 1142 2993 Vituli
1156 2939 1181 3006 3¹
1205 2948 1284 2992 ecce
1302 2930 1394 2992 enim

220 3026 282 3089 hoc
300 3039 470 3092 momento
485 3031 517 3093 in
534 3052 608 3094 aere
624 3043 739 3095 contra
762 3034 965 3097 adversarias
989 3032 1186 3115 belligerant
1200 3042 1397 3115 potestates,

220 3133 366 3195 animam
379 3135 517 3216 alicujus
530 3135 669 3217 hospitis
681 3136 778 3199 simul
791 3157 866 3199 cum
879 3137 926 3200 cis
938 3137 1071 3200 dimersi
1084 3138 1209 3218 eripere
1221 3149 1395 3200 conantes

221 3234 308 3298 Tum
347 3249 422 3319 post
460 3239 677 3320 lacrymosam
717 3250 750 3302 et
789 3241 950 3304 intentam
986 3241 1179 3317 orationem,
1209 3241 1278 3304 cito
1316 3252 1397 3305 ante

221 3340 372 3403 altarium
398 3363 543 3423 surgens,
567 3344 651 3406 inter
674 3343 790 3407 fratres
814 3346 936 3426 pariter
962 3345 994 3407 in
1023 3345 1171 3407 oratione
1199 3356 1399 3426 prostratos,

221 3442 388 3508 laetificato
412 3448 527 3510 vultu:
551 3448 692 3525 Christ0,
709 3449 763 3525 ait,
788 3449 911 3530 gratias
935 3450 1032 3531 agite,
1057 3468 1143 3510 nunc
1168 3449 1258 3510 enim
1286 3451 1398 3512 sancti

221 3550 338 3630 angeli,
355 3552 476 3613 sanctis
492 3552 665 3615 obviantes
681 3552 865 3630 animabus
880 3562 914 3617 et
930 3555 1037 3635 ipsum
1057 3553 1222 3635 hospitem
1238 3563 1399 3635 ereptum

221 3672 241 3713 a
278 3653 468 3717 daemonum
509 3655 822 3738 belligerationibus,
857 3657 951 3737 quasi
990 3655 1174 3719 victoriales
1210 3654 1401 3721 liberarunt

222 3756 475 3839 belligeratores

256 3966 264 3990 ¹
279 3960 365 4019 albati,
379 3962 411 4010 A.
427 3962 514 4021 Colt.;
532 3961 636 4019 sabbati,
652 3961 723 4025 Colg.
740 3962 803 4010 Bull.

253 4052 265 4078 ²
279 4043 302 4089 Α
315 4059 401 4106 prayer
416 4046 488 4107 “pro
499 4044 628 4091 anImabus
640 4044 812 4092 defunctorum
822 4040 836 4063 ’‘
848 4042 901 4091 into
912 4042 992 4092 which
1003 4043 1039 4093 St.
1051 4041 1176 4093 Columba
1183 4056 1241 4091 now
1250 4042 1403 4096 introduces

221 4124 312 4172 alresh
326 4141 406 4173 name.

255 4208 418 4257 ssurnamed
439 4207 463 4255 in
486 4207 527 4256 the
551 4207 604 4256 title
629 4208 704 4256 lllocu
726 4208 824 4270 Luigse,
847 4207 897 4255 and
920 4208 1013 4256 known
1035 4208 1087 4256 also
1109 4223 1136 4256 as
1155 4207 1300 4257 Colmanus.
1350 4210 1402 4261 riis

222 4290 317 4339 lestival
330 4290 351 4338 is
364 4292 422 4353 May
439 4300 474 4352 ις.
512 4290 559 4339 See
571 4298 630 4338 note
642 4299 668 4338 to
681 4290 834 4339 Cummian’s
847 4289 909 4348 Lile,
923 4293 946 4341 c:
960 4289 984 4339 8.

255 4386 263 4411 1
280 4377 327 4422 See
339 4382 398 4421 note
411 4373 443 4430 I.,
457 4385 497 4433 49.

254 4457 372 4506 ²llelsnst
392 4456 488 4518 Lough.
525 4456 579 4503 The
599 4455 688 4519 village
709 4455 737 4503 ol
754 4456 860 4519 Bangor,
878 4455 959 4504 where
977 4454 1093 4517 formerly
1104 4453 1177 4502 stood
1197 4454 1233 4503 St.
1256 4454 1403 4521 Cumgull's

220 4551 288 4606 great
302 4548 443 4601 monastery
455 4538 483 4586 ol
493 4537 632 4597 Benuchar,
646 4537 666 4587 is
678 4538 785 4587 situated
798 4553 830 4586 on
844 4538 885 4588 the
898 4538 980 4587 Dowu
993 4536 1046 4587 side
1057 4535 1087 4585 οἰ
1094 4535 1137 4586 the
1149 4535 1247 4599 Lougb
