3226 5520
302 492 364 544 110
603 481 749 548 VITA
789 481 1095 548 11.-LIBER
1134 482 1161 548 1.

299 706 560 755 commemorare
604 690 749 770 literulis
786 713 887 777 quam
924 693 1104 778 aliquando
1147 693 1252 758 saneti
1289 692 1490 761 Columboe

300 793 462 871 monachi,
484 795 600 877 spiritu
624 796 695 880 ejus
718 797 797 881 ipsis
820 798 854 862 in
876 797 930 862 via
952 798 1117 878 obviante,
1143 797 1344 863 sentiebant.
1393 799 1490 865 Alio

300 916 444 980 namque
459 898 491 962 in
513 908 672 982 tempore,
687 899 811 978 fratres
838 910 914 985 post
942 901 1114 966 messionis
1140 920 1248 985 opera,
1263 921 1411 986 vespere
1436 902 1487 969 ad

300 1003 536 1068 monasterium
561 1005 745 1085 redeuntes,
770 1016 804 1071 et
830 1007 873 1071 ad
897 1006 990 1071 illum
1017 1007 1245 1090 pervenientes
1271 1005 1388 1072 locum
1419 1008 1486 1091 qui

298 1105 431 1171 Scotice
446 1119 655 1192 nuncupatur
672 1110 852 1188 Cuuleilne‚
875 1112 932 1193 qui
956 1111 1070 1194 utique
1093 1111 1184 1174 locus
1205 1109 1291 1173 inter
1313 1111 1485 1177 occiden-

296 1209 398 1273 talem
418 1211 508 1274 Ionae
521 1212 637 1275 insulae
649 1213 852 1296 campulum¹
867 1224 900 1279 et
916 1225 1065 1280 nostrum
1082 1215 1320 1278 monasterium
1337 1216 1484 1281 medius

297 1333 369 1377 esse
390 1315 531 1395 dicitur;
554 1317 673 1381 mirum
696 1318 785 1402 quid,
804 1328 837 1383 et
859 1318 1090 1382 inconsuetum
1113 1317 1234 1402 singuli
1256 1317 1320 1382 sibi
1344 1320 1483 1385 sentire

295 1418 509 1499 videbantur;
525 1422 614 1504 quod
630 1431 742 1486 tamen
758 1422 842 1486 alius
857 1423 911 1486 alii
928 1423 1082 1487 intimare
1093 1422 1185 1486 nullo
1197 1422 1299 1486 modo
1308 1423 1481 1490 audebat.

298 1521 344 1586 Et
370 1523 417 1587 sic
438 1544 497 1607 per
518 1526 645 1608 aliquot
667 1527 738 1590 dies
761 1527 878 1590 eodem
906 1527 940 1591 in
967 1527 1049 1603 loco,
1072 1526 1254 1609 eademque
1275 1528 1482 1610 vespertina

296 1627 484 1691 sentiebant
499 1628 587 1693 hora
631 1630 709 1693 Fuit
720 1640 831 1695 autem
848 1631 965 1696 iisdem
982 1632 1098 1695 diebus
1113 1640 1247 1695 sanctus
1263 1623 1481 1697 Baitheneus

296 1731 381 1795 inter
396 1752 454 1795 eos
469 1752 606 1815 operum
622 1733 838 1817 dispensator,
854 1736 911 1818 qui
933 1735 979 1799 sic
1001 1735 1044 1798 ad
1069 1736 1158 1817 ipsos
1173 1734 1238 1798 alia
1252 1734 1308 1799 die
1321 1744 1377 1801 est
1392 1756 1479 1819 pro-

296 1834 433 1913 locutus,
460 1837 635 1921 inquiens:
669 1839 777 1918 Nunc,
805 1839 929 1917 fratres,
955 1838 1103 1903 confiteri
1132 1838 1261 1903 debetis
1287 1837 1413 1921 singuli
1444 1841 1477 1905 si

295 1939 430 2023 aliquod
447 1940 480 2004 in
496 1943 559 2005 hoc
575 1943 686 2007 medio
703 1943 776 2006 loco
791 1944 876 2007 inter
892 1963 1033 2008 messem
1049 1953 1083 2008 et
1099 1943 1334 2008 monasterium
1349 1943 1476 2010 inoon·

297 2055 429 2109 suetum
445 2055 479 2110 et
494 2046 703 2130 inopinatum
719 2048 848 2112 sentitis
872 2047 1073 2113 miraculum.
1121 2047 1218 2113 Unus
1244 2057 1316 2111 tum
1343 2065 1392 2112 ex
1419 2048 1476 2113 eis

296 2149 427 2215 senior:
460 2150 566 2232 Juxta
590 2160 693 2230 tuam,
717 2153 772 2230 ait,
793 2152 986 2236 jussionem,
1009 2152 1099 2235 quod
1127 2150 1207 2215 mihi
1231 2150 1294 2214 hoc
1323 2150 1359 2214 in
1392 2151 1475 2217 loco

294 2263 466 2318 ostensum
483 2263 533 2318 est
549 2256 657 2319 dicam
673 2278 681 2335 ;
704 2276 781 2320 nam
805 2266 839 2321 et
861 2257 894 2319 in
911 2258 961 2320 his
977 2254 1252 2339 praetereuntibus
1267 2254 1417 2333 dieculis,
1433 2266 1474 2323 et

294 2378 382 2421 nunc
394 2359 504 2436 etiam,
514 2361 682 2443 quandam
694 2360 767 2424 miri
777 2361 887 2424 odoris
898 2360 1134 2444 fragrantiam,²
1147 2380 1185 2424 ac
1197 2360 1224 2423 si
1234 2359 1470 2426 universorum

295 2462 411 2526 florum
440 2463 473 2526 in
501 2483 604 2527 unum
631 2464 738 2528 sentio
764 2464 1001 2544 collectorum;
1023 2465 1190 2548 quendam
1211 2481 1351 2546 quoque,
1367 2464 1471 2547 quasi

293 2565 379 2647 ignis
394 2567 555 2645 ardorem,
571 2586 637 2629 non
661 2566 837 2649 poenalem,
853 2568 911 2631 sed
932 2567 1078 2650 quodam
1101 2567 1202 2630 modo
1222 2584 1381 2645 suavem;
1404 2568 1469 2631 sed

292 2678 327 2731 et
353 2670 521 2751 quandam
548 2669 581 2732 in
609 2671 708 2733 corde
734 2671 898 2735 insuetam
928 2681 962 2734 et
991 2669 1283 2753 incomparabilem
1314 2669 1467 2736 infusam

293 2771 561 2850 laetificationem,
590 2793 666 2856 quae
697 2795 751 2838 me
780 2775 891 2839 subito
920 2774 1113 2837 mirabiliter
1142 2773 1339 2851 consolatur,
1365 2782 1402 2838 et
1428 2774 1467 2840 in

292 2886 424 2941 tantum
441 2876 587 2942 laetificat
607 2887 643 2941 ut
667 2878 787 2942 nullius
811 2879 966 2955 maeroriS,
988 2877 1109 2941 nullius
1124 2878 1254 2954 laboris,
1270 2878 1467 2944 meminisse

292 2983 426 3063 possim.
470 2981 538 3047 Sed
553 2991 587 3045 et
602 3001 686 3045 onus
701 2983 790 3066 quod
808 3003 891 3060 meo,
906 2983 1058 3066 quamvis
1073 3002 1182 3065 grave,
1197 2990 1293 3064 porto
1304 2982 1338 3045 in
1350 2983 1467 3063 dorso,

291 3088 335 3151 ab
351 3088 413 3151 hoc
429 3087 502 3150 loco
519 3107 623 3169 usque
646 3108 713 3169 quo
735 3089 778 3152 ad
802 3087 1037 3152 monasterium
1057 3086 1273 3169 perveniatur,
1289 3088 1466 3168 quomodo

292 3192 402 3254 nescio
433 3191 467 3253 in
498 3200 628 3254 tantum
659 3191 829 3268 relevatur,
858 3201 894 3254 ut
925 3212 978 3253 me
1008 3200 1181 3253 oneratum
1212 3210 1277 3252 non
1305 3191 1461 3256 sentiam.

292 3294 383 3377 Quid
401 3295 519 3376 Plura?
544 3294 598 3358 Sic
617 3315 733 3356 omnes
756 3294 801 3356 illi
825 3314 986 3356 messores
1001 3295 1140 3376 operarii
1157 3294 1199 3356 de
1214 3313 1249 3356 se
1265 3293 1462 3376 singillatim

292 3397 496 3480 profitentur,
513 3418 571 3479 per
586 3399 698 3460 omnia
715 3399 863 3473 sensisse,
879 3398 973 3461 sicuti
997 3417 1081 3460 unus
1105 3418 1148 3460 ex
1170 3397 1216 3459 eis
1238 3417 1348 3459 coram
1364 3417 1461 3462 enar·

291 3512 441 3578 raverat‚³
466 3500 651 3583 singulique
674 3502 771 3564 simul
796 3501 891 3564 flexis
914 3501 1053 3583 genibus
1076 3521 1096 3562 a
1116 3510 1232 3563 sancto
1248 3499 1462 3583 postularunt

292 3605 483 3679 Baithene0‚
496 3614 533 3667 ut
547 3604 696 3686 ejusdem
714 3606 786 3668 miri
802 3604 972 3667 solaminis
988 3624 1121 3667 causam
1133 3614 1167 3667 et
1183 3604 1354 3685 originem,
1366 3606 1459 3687 quod

289 3719 322 3773 et
348 3709 426 3790 ipse,
449 3710 533 3771 sicut
556 3718 589 3771 et
612 3710 721 3771 caeteri
746 3710 942 3784 sentiebant,
966 3708 1028 3770 illis
1051 3707 1287 3789 ignorantibus,
1304 3707 1460 3773 intimare

289 3822 486 3895 procuraret
522 3812 653 3895 Quibus
669 3823 907 3895 consequenter
922 3812 984 3874 hoc
1000 3812 1092 3873 dedit
1108 3830 1322 3892 responsum:
1347 3810 1460 3890 Scitis,

289 3918 449 4000 inquiens,
473 3919 561 3999 quod
587 3927 697 3980 noster
720 3919 828 3980 senior
851 3916 1015 3981 Columba
1037 3917 1079 3978 de
1095 3915 1190 3978 nobis
1206 3914 1306 3977 anxie
1321 3914 1459 3996 cogitet,

288 4031 321 4085 et
338 4042 398 4084 nos
414 4022 456 4084 ad
472 4043 507 4084 se
531 4023 656 4086 tardius
679 4022 907 4103 pervenientes
930 4041 1017 4102 aegre
1041 4020 1123 4083 serat
1146 4019 1249 4082 nostri
1266 4038 1394 4082 memor
1410 4018 1458 4083 la·

321 4270 330 4296 ¹
348 4258 364 4281 ‘⁸
375 4257 400 4306 It
416 4256 437 4305 is
454 4272 511 4305 now
523 4256 603 4305 called
616 4256 657 4305 the
670 4255 785 4315 Machor,
800 4271 828 4304 or
840 4255 920 4314 Plain,
939 4253 988 4303 and
1006 4253 1027 4303 is
1039 4253 1081 4303 the
1092 4260 1157 4301 most
1169 4251 1233 4301 level
1245 4250 1296 4300 and
1307 4250 1459 4316 productive

286 4347 342 4404 part
360 4338 389 4388 oi
406 4339 449 4388 the
468 4338 556 4388 island.
599 4337 669 4387 Here
688 4337 709 4386 is
727 4337 769 4386 the
789 4337 853 4386 Cnoc
869 4336 969 4400 Aingel,
990 4333 1134 4384 mentioned
1153 4341 1179 4383 ut
1201 4332 1236 4382 11.
1259 4345 1299 4394 44,
1322 4331 1372 4383 111.
1399 4331 1458 4384 16.”

286 4423 382 4472 Reeves
395 4422 424 4470 in
435 4421 477 4471 loc.
513 4422 561 4470 See
573 4419 626 4469 also
638 4419 680 4469 the
692 4418 748 4469 Liie
760 4419 793 4483 by
804 4418 937 4469 Cummian
950 4432 971 4467 c.
988 4429 1025 4476 11,
1040 4432 1067 4466 n.
1081 4427 1104 4480 3.

317 4517 329 4544 π
343 4503 506 4567 flagrantiam,
521 4502 587 4553 As.

317 4584 473 4648 senarravit,
489 4584 518 4634 B.
