3226 5520
368 450 386 504 2
731 441 939 511 LECTORI
977 441 1169 510 EDITOR

365 647 443 711 vitae
457 647 555 712 utiles
570 650 816 731 concedantur;
839 649 872 714 in
895 649 1033 715 historia
1054 647 1196 713 borealis
1219 646 1322 732 partis
1342 645 1531 721 Britanniae,

367 771 463 830 nunc,
478 753 574 818 sicuti
590 753 633 818 ab
647 769 715 819 AD.
737 772 827 832 1020,
842 754 904 818 sub
920 755 1042 820 Scotiae
1066 754 1200 817 nomine
1216 752 1358 829 latentis,
1374 750 1532 813 maximae

366 856 518 921 utilitatis
540 868 625 923 sunt
683 859 771 923 Nam
794 860 949 924 omnibus
974 860 1118 941 Europae
1141 857 1330 941 regionibus
1346 856 1434 919 cedit
1450 854 1482 916 in
1499 872 1533 915 re

366 961 504 1043 antiqua
540 961 705 1040 historica,
742 962 857 1045 utique
895 962 1020 1026 nullum
1059 961 1185 1025 habens
1215 961 1267 1024 vel
1303 959 1532 1023 brevissimum

365 1062 542 1128 chronicon
559 1086 663 1148 usque
679 1067 720 1131 ad
739 1066 832 1131 Ceut
846 1068 890 1131 xi.
903 1087 979 1131 cum
992 1066 1179 1132 Chronicon
1194 1065 1359 1128 Pictorum
1372 1063 1530 1144 scriptum

365 1166 451 1248 suit;
473 1169 666 1252 nullumque
690 1171 882 1236 historicum
905 1180 982 1235 ante
1003 1171 1205 1246 Fordunum,
1224 1169 1280 1251 qui
1303 1167 1432 1251 scripsit
1448 1166 1533 1228 circa

364 1285 432 1335 ΑΙ).
454 1275 542 1354 1385.
591 1272 680 1336 Hinc
696 1273 842 1356 reliquiae
857 1274 922 1337 illae
934 1274 1107 1351 historicae,
1117 1294 1192 1356 quae
1209 1274 1242 1336 in
1254 1272 1330 1335 vitis
1342 1281 1530 1335 sanctorum

365 1377 519 1459 antiquis,
542 1379 724 1460 praesertim
748 1379 781 1441 in
804 1379 934 1443 duobus
957 1379 1033 1442 vitis
1056 1377 1238 1452 Columbae,
1263 1377 1429 1440 Pictorum
1450 1375 1531 1456 Sep·

365 1481 613 1546 tentrionalium
636 1496 704 1546 AD.
731 1485 801 1563 565,
824 1481 976 1565 apostoli,
999 1482 1106 1564 priore
1129 1501 1149 1545 a
1171 1481 1328 1547 Cuminio
1351 1481 1437 1542 circa
1462 1492 1532 1541 M).

364 1584 404 1665 65
409 1598 437 1663 7,
449 1588 594 1650 secunda
610 1586 653 1650 ab
669 1586 874 1650 Adomnano
889 1587 975 1650 circa
989 1600 1058 1650 AD.
1074 1588 1139 1651 680
1149 1586 1345 1668 conscripta,
1356 1583 1533 1649 devotione

364 1687 476 1772 aliqua
491 1690 677 1774 antiquaria
691 1691 754 1754 coli
772 1703 945 1756 merentur.

410 1791 449 1855 In
465 1793 541 1857 vitis
556 1802 746 1857 sanctorum
770 1793 893 1859 Scotiae
918 1793 1110 1872 Hodiernae,
1128 1793 1221 1876 (nam
1240 1794 1354 1860 Scotia
1371 1791 1531 1874 Antiqua,

365 1905 398 1961 et
413 1917 518 1980 usque
533 1898 576 1963 ad
592 1913 660 1962 nn.
676 1898 730 1962 cir.
751 1915 841 1976 1020,
859 1899 1022 1962 Hibernia
1039 1898 1110 1976 fuit,
1126 1898 1233 1962 insula
1248 1898 1304 1963 illa
1319 1893 1532 1977 sanctorum)

365 2001 568 2087 colligendis,
599 2001 689 2066 nulla
720 2001 802 2067 fides
833 2003 975 2067 Boethio
1005 2003 1056 2066 vel
1088 2003 1297 2087 Dempstero,
1323 2001 1437 2066 debita
1462 1999 1531 2063 luit

367 2103 519 2184 Keithus,
556 2106 589 2170 in
628 2106 792 2189 Catalogo
830 2106 1072 2191 Episcoporum
1116 2107 1248 2187 Scotiae,
1285 2107 1401 2171 seriem
1440 2104 1533 2169 dedit

365 2220 553 2275 sanctorum
571 2210 704 2288 Scotia,
720 2232 765 2275 ex
781 2210 845 2274 illis
861 2211 1077 2295 nugatoribus
1100 2212 1280 2290 redactam,
1297 2212 1329 2274 in
1345 2216 1411 2293 qua
1426 2206 1532 2272 sancti

368 2313 547 2391 Hiberniae,
584 2313 725 2394 Walliae,
762 2315 929 2398 etiamque
966 2314 1110 2398 Angliae,
1152 2336 1212 2399 pro
1248 2315 1371 2379 sanctis
1408 2312 1532 2378 Scotiae

367 2418 550 2482 Hodiernae
582 2420 822 2483 venundantur.
890 2418 1005 2484 Sancti
1037 2418 1160 2484 Scotiae
1199 2419 1382 2483 Hodiernae
1419 2435 1531 2481 revera

365 2523 553 2607 paucissimi
569 2521 668 2602 fuere,
684 2524 768 2587 sicut
791 2524 824 2586 in
848 2524 982 2606 regione
1005 2523 1234 2602 remotissima,
1250 2532 1284 2587 et
1299 2523 1509 2607 pauperrima
1524 2543 1532 2599 ;

364 2637 399 2692 et
422 2648 613 2711 quanquam
636 2628 785 2692 omnium
809 2628 894 2692 vitas
917 2629 970 2691 hic
993 2629 1124 2712 reperiri
1148 2629 1341 2710 neutiquam
1358 2647 1533 2711 persuasus

364 2752 447 2810 sum,
470 2741 581 2797 tamen
606 2752 722 2796 omnes
746 2752 822 2816 quae
845 2743 964 2797 extant
988 2753 1040 2796 me
1063 2732 1235 2815 collegisse
1258 2752 1318 2815 pro
1344 2741 1435 2795 certo
1454 2730 1531 2806 scio,

364 2845 441 2920 post
458 2836 686 2918 inquisitiones
703 2836 788 2900 inter
802 2855 919 2900 omnes
941 2837 1125 2920 praecipuas
1148 2836 1291 2919 Europae
1307 2834 1531 2899 bibliothecas

366 2940 472 3005 Fuere
487 2939 704 3024 proculdubio
727 2941 873 3024 quidam,
888 2961 1028 3023 quorum
1045 2941 1122 3004 vitae
1146 2960 1211 3004 non
1228 2949 1305 3004 sunt
1321 2940 1533 3023 perscriptae;

365 3045 422 3109 sed
450 3064 507 3108 eos
529 3064 602 3106 esse
626 3045 853 3128 paucissimos,
876 3053 910 3108 et
934 3044 1082 3108 obscurae
1113 3054 1210 3120 notae,
1236 3044 1317 3106 satis
1347 3043 1531 3107 convincor.

365 3149 459 3225 Picti,
483 3149 669 3232 praecipuus
692 3148 791 3230 longe
813 3148 956 3232 populus
981 3148 1163 3212 Hodiernae
1187 3148 1318 3223 Scotiae,
1335 3148 1532 3212 Christianae

365 3252 452 3330 fidei,
475 3252 523 3317 uti
548 3251 791 3317 Scandinavica
813 3272 971 3335 propago,
994 3272 1067 3315 sero
1089 3251 1194 3315 dediti
1216 3250 1316 3329 suere,
1340 3271 1531 3334 quanquam

364 3378 458 3441 reges
480 3377 501 3420 a
523 3357 616 3423 Cent.
640 3369 686 3419 vl.
711 3356 1000 3421 Christianismum
1028 3356 1334 3439 amplectebantur:
1365 3365 1400 3420 et
1423 3356 1532 3420 nullus

364 3471 498 3525 sanctus
515 3459 657 3523 Picticus
668 3470 877 3524 memoratur.
924 3459 1038 3525 Sancti
1051 3459 1136 3522 inter
1146 3459 1256 3522 Pictos
1270 3459 1358 3522 luere
1371 3460 1531 3538 Britanni,

364 3564 415 3629 vel
449 3563 613 3641 Hiberni;
650 3563 816 3646 praecipue
853 3564 1061 3647 posteriores,
1097 3563 1153 3646 qui
1184 3584 1228 3626 ex
1261 3563 1386 3646 Hyona
1416 3562 1531 3642 insula,

364 3668 541 3733 seminario
573 3666 763 3745 Hibernico,
789 3678 823 3731 et
853 3667 991 3731 ecclesia
1022 3666 1276 3750 metropolitana
1308 3668 1465 3747 Pictiniae,
1488 3670 1530 3733 ad

363 3773 518 3837 ecclesias
545 3772 630 3835 inter
661 3772 771 3836 Pictos
800 3772 1083 3849 demittebantur;
1112 3781 1146 3834 et
1176 3771 1377 3836 Culdeorum
1398 3774 1532 3837 nomine

364 3877 444 3942 satis
460 3877 679 3940 innotescunt

406 3982 504 4059 Vitae,
520 4001 595 4063 quae
610 3979 664 4043 hic
680 3980 713 4043 in
731 4000 849 4044 manus
864 3979 996 4044 lectoris
1011 3982 1195 4058 traduntur,
1211 3989 1288 4044 sunt
1304 3993 1487 4063 sequentes.

410 4104 434 4150 1.
459 4084 605 4163 Niniani,
627 4106 671 4148 ex
694 4086 808 4149 codice
834 4084 906 4150 MS.
923 4086 956 4149 in
973 4085 1044 4149 Bib.
1070 4085 1251 4149 Bodleiana
1274 4083 1411 4164 Oxonii,
1435 4087 1530 4152 Laud

365 4192 399 4256 F.
423 4205 480 4255 xv.
504 4198 587 4253 cent
611 4203 674 4253 xtl.
699 4187 812 4271 [hodie
838 4189 932 4254 Laud
960 4192 1034 4268 668,
1056 4189 1109 4254 sol.
1135 4193 1236 4270 79-89
1259 4210 1331 4253 saec.
1353 4189 1425 4274 xii]
1449 4192 1531 4257 Dies

366 4294 500 4359 Niniani
516 4304 567 4357 est
587 4295 625 4357 16
641 4293 855 4376 Septembris.

407 4415 434 4463 2.
458 4397 640 4474 Columbae,
656 4417 676 4459 a
692 4397 856 4476 Cuminio,
871 4419 916 4461 ex
934 4398 1120 4462 Mabillonii
1137 4398 1274 4465 Saeculis
1298 4400 1529 4469 Benedictinis.

407 4520 433 4584 3.
459 4501 629 4584 Ejusdem,
643 4501 687 4566 ab
703 4501 915 4568 Adomnano.
960 4502 1042 4568 Vita
1064 4502 1135 4568 haec
1158 4504 1371 4569 celeberrima
1384 4515 1481 4572 extat
1496 4509 1529 4573 in
