3226 5520
606 524 917 595 COLUMBAE.
1287 540 1345 612 rm

181 730 246 793 alia
269 751 383 796 means
405 732 468 810 via,
491 732 523 795 in
551 733 724 816 cujusdam
749 732 929 798 monticelli
953 733 1132 809 cacumine,
1155 733 1211 816 qui
1238 735 1347 798 eidem

181 836 403 916 supereminet
438 836 600 918 campulo,
631 857 666 900 se
703 837 832 901 occulte
868 836 1032 915 collocat3
1070 837 1223 902 videlicet
1261 837 1348 901 illius

181 957 314 1001 causam
347 940 501 1004 solitariae
534 939 622 1004 beati
660 941 856 1024 egressionis
894 942 954 1004 viri
991 941 1167 1024 explorare
1181 921 1188 943 ’
1203 941 1347 1024 cupiens

182 1038 291 1123 Quem
308 1062 383 1107 curn
400 1044 488 1107 idem
512 1044 705 1126 explorator
723 1045 765 1107 de
789 1044 969 1109 monticelli
991 1045 1121 1122 vertice,
1145 1044 1178 1107 in
1201 1047 1347 1127 quodam

181 1142 269 1208 illius
305 1146 449 1229 campuli
487 1147 640 1212 colliculo
680 1156 834 1225 stantem,
873 1157 908 1213 et
947 1149 1106 1231 expansis
1146 1147 1188 1211 ad
1227 1148 1348 1211 coelum

182 1248 336 1312 manibus
351 1259 511 1327 orantem,
525 1251 705 1334 oculosque
720 1252 763 1315 ad
786 1251 908 1316 coelum
932 1250 1117 1315 elevantem
1137 1251 1351 1333 conspiceret,

183 1351 302 1417 mirum
317 1353 418 1432 dictu,
434 1364 467 1419 et
483 1375 559 1419 ecce
581 1356 692 1419 subito
710 1376 761 1418 res
785 1355 936 1419 miranda
958 1354 1120 1439 apparuit,
1135 1373 1235 1437 quam
1260 1354 1348 1418 idem

181 1474 281 1538 supra
300 1467 502 1522 memoratus
517 1457 627 1536 homo,
642 1467 680 1523 ut
695 1459 833 1534 aestimo,
850 1477 916 1522 non
937 1458 1008 1522 sine
1031 1458 1193 1541 permissu
1217 1457 1290 1534 Dei,
1306 1456 1349 1521 de

181 1559 343 1642 propioris
364 1560 543 1625 monticelli
566 1560 648 1640 loco,
663 1561 767 1625 oculis
789 1562 890 1626 etiam
914 1560 1139 1645 corporalibus
1161 1572 1350 1644 aspexerat,

181 1671 219 1725 ut
235 1683 355 1727 nomen
380 1663 494 1730 Sancti
518 1676 551 1730 et
574 1665 645 1749 ejus
667 1664 926 1741 honorificentia,
941 1666 1093 1749 quamvis
1116 1666 1189 1748 ipso
1208 1665 1350 1743 nolente,

180 1766 225 1829 ob
262 1766 347 1831 hanc
384 1769 630 1833 manifestatam
661 1770 822 1833 visionem
861 1780 978 1852 postea
1008 1769 1115 1851 magis
1145 1769 1178 1831 in
1218 1768 1350 1853 populis

181 1871 421 1954 devulgaretur.
468 1875 557 1937 Nam
576 1874 680 1937 sancti
704 1874 823 1957 angeli,
846 1873 991 1937 coelestis
1013 1873 1130 1956 patriae
1153 1873 1250 1950 cives,
1267 1873 1350 1936 mira

181 1976 375 2040 advolantes
401 1977 610 2055 subitatione,
640 1989 792 2042 sanctum
819 1979 925 2042 virum
956 1989 1107 2042 orantem
1138 1979 1351 2042 circumstare

182 2090 362 2162 coeperunt,
378 2081 497 2147 albatis
513 2083 620 2146 induti
643 2084 810 2162 vestibus;
832 2092 866 2146 et
881 2091 959 2166 post
981 2082 1126 2165 aliquam
1151 2103 1226 2146 cum
1251 2083 1351 2147 beato

181 2185 491 2250 sermocinationem
514 2187 593 2264 viro,
614 2187 670 2251 illa
689 2187 833 2251 coelestis
855 2197 998 2264 caterva,
1020 2188 1115 2269 quasi
1138 2207 1174 2251 se
1197 2187 1352 2270 explora·

182 2298 251 2351 tam
268 2291 421 2369 sentiens,
437 2291 479 2355 ad
495 2313 626 2356 summa
641 2292 737 2355 citius
761 2293 931 2375 repedavit
954 2293 1123 2355 coelorum.
1170 2291 1294 2355 Beatus
1317 2300 1351 2356 et

182 2393 252 2474 ipse
267 2395 324 2471 vir,
340 2407 415 2477 post
436 2397 622 2479 angelicum
646 2397 846 2473 condictum,
862 2416 1011 2462 reversus
1037 2396 1079 2459 ad
1104 2395 1352 2473 monasterium,

182 2499 300 2561 iterum
316 2499 462 2564 collectis
478 2498 640 2578 iratribus,
656 2520 732 2564 cum
755 2500 901 2583 quadam
927 2519 992 2563 non
1019 2498 1177 2563 mediocri
1197 2499 1351 2583 objurga·

182 2600 273 2663 tione
302 2601 437 2684 inquirit
472 2603 546 2686 quis
575 2605 618 2668 de
655 2604 719 2667 illis
756 2616 842 2668 esset
881 2604 1139 2687 transgressonis
1176 2603 1350 2667 obnoxius.

182 2702 313 2786 Quibus
335 2717 575 2790 consequenter
597 2728 632 2770 se
655 2708 798 2771 nescisse
821 2706 1092 2790 protestantibus,
1115 2706 1178 2782 ille,
1200 2706 1352 2770 conscius

181 2809 231 2871 sui
262 2810 497 2875 inexcusabilis
523 2822 755 2894 transgressus,
782 2811 869 2876 ultra
899 2831 965 2875 non
997 2812 1163 2875 sustinens
1192 2810 1350 2874 delictum

181 2913 288 2977 celare
313 2935 419 2992 suum,
446 2915 543 2979 flexis
572 2917 722 2999 genibus,
749 2916 782 2979 in
806 2916 917 2979 medio
944 2915 1080 2978 fratrum
1107 2912 1216 2991 chor0‚
1239 2932 1351 2977 coram

182 3018 315 3096 Sancto,
341 3020 472 3083 veniam
504 3021 647 3103 supplex
674 3030 835 3104 precatur.
892 3019 1002 3103 Quem
1031 3018 1175 3084 Sanctus
1202 3037 1350 3081 seorsum

181 3122 315 3200 ducens,
338 3123 575 3206 ingeniculanti
598 3143 675 3189 cum
701 3124 820 3206 grandi
843 3122 1057 3187 commendat
1082 3121 1351 3197 comminatione,

181 3234 218 3288 ut
243 3224 322 3288 nulli
343 3225 516 3289 hominum
539 3227 583 3289 de
605 3224 661 3289 illa
684 3225 834 3308 angelica
853 3225 979 3289 visione
1002 3225 1035 3287 in
1058 3223 1177 3287 diebus
1201 3221 1351 3306 ejusdem

181 3328 268 3391 beati
306 3328 366 3391 viri
403 3328 528 3412 aliquid
558 3331 659 3394 etiam
691 3349 828 3412 parvum
863 3327 1030 3392 occultum
1061 3328 1210 3411 aperiret
1271 3326 1352 3391 Post

181 3452 349 3515 egressum
376 3453 454 3496 vero
484 3435 526 3497 de
556 3453 694 3516 corpore
723 3433 828 3496 sancti
859 3432 919 3495 viri
949 3431 1041 3495 illam
1071 3429 1216 3494 coelcstis
1245 3438 1352 3493 coetus

181 3538 422 3619 apparitionem
454 3537 608 3602 iratribus
638 3557 714 3602 cum
750 3536 867 3620 grandi
900 3536 1065 3600 intimavit
1102 3534 1350 3619 protestatione

183 3640 283 3705 Unde
309 3641 473 3725 hodieque
503 3652 537 3706 et
567 3642 659 3707 locus
688 3642 775 3706 illius
804 3641 946 3724 angelici
976 3641 1120 3705 condicti
1147 3659 1216 3703 rem
1247 3640 1280 3702 in
1310 3659 1352 3702 eo

180 3755 309 3827 gestam
336 3765 397 3808 suo
425 3747 559 3829 proprio
586 3756 789 3829 protestatur
813 3744 985 3824 vocabulo,
1011 3745 1067 3828 qui
1095 3744 1214 3809 Latine
1240 3751 1353 3826 potest

180 3849 245 3911 dici
291 3848 471 3915 Colliculus
523 3849 741 3933 Angelorum,
786 3850 918 3916 Scotice
965 3869 1043 3914 vero
1095 3848 1188 3913 Cnoc
1240 3846 1351 3931 Angcl

181 3963 409 4036 nuncupatur.¹

226 4056 316 4120 Hinc
353 4058 465 4140 itaque
501 4056 833 4121 animadvertendum
873 4065 931 4132 cst,
968 4065 1002 4119 et
1040 4073 1105 4117 non
1145 4053 1352 4136 negligenter

179 4162 463 4243 perscrutandum,
477 4172 613 4244 quantae
627 4170 662 4225 et
676 4160 791 4244 quales
814 4161 857 4224 ad
873 4159 1009 4224 beatum
1031 4158 1149 4237 virum,
1163 4157 1196 4221 in
1213 4157 1351 4241 hyema-

180 4263 266 4328 libus
282 4265 476 4349 plerumque
497 4266 658 4344 noctibus,
681 4266 875 4341 insomnem,
892 4273 926 4329 et
949 4264 982 4327 in
1007 4263 1087 4327 locis
1110 4261 1351 4340 remotioribus,

214 4479 223 4507 ¹
238 4469 465 4534 Coos-an·Aingel,
475 4470 520 4522 but
529 4485 599 4522 mor·
608 4470 740 4536 familiuly
748 4470 842 4521 known
850 4485 878 4521 u
891 4469 997 4521 Sithon
1010 4469 1068 4519 Mor
1079 4483 1107 4519 or
1120 4469 1197 4520 Gmt
1211 4463 1350 4531 enin-niu.

178 4568 206 4602 as
216 4552 398 4617 distinguished
410 4553 473 4604 irom
485 4553 589 4606 Sitboan
602 4551 661 4620 ὃς,
677 4553 755 4605 Little
773 4551 912 4618 Fon-uin,
930 4567 946 4602 ι
962 4550 1031 4602 short
1049 4549 1163 4603 datam
1174 4559 1201 4600 to
1212 4548 1255 4599 ὼε
1267 4546 1350 4599 nortli-

182 4644 241 4688 ναι
253 4636 280 4686 ot
291 4635 319 4686 ir.

759 4718 780 4763 li
