3226 5520
627 487 936 556 COLUMBAE.

628 889 821 958 CAPUT
858 890 937 959 VI.

424 1080 583 1146 Monachi
602 1080 750 1146 animam
771 1080 843 1146 coelo
864 1089 1017 1165 receptam
1040 1080 1148 1146 exilit)

201 1273 298 1338 Auo
314 1291 445 1355 quoque
461 1279 611 1354 tempore
629 1270 678 1334 vir
700 1280 834 1334 sanctus
856 1271 889 1333 in
909 1270 995 1353 Jova
1017 1290 1226 1337 commorans
1244 1270 1366 1350 Insula,

200 1377 336 1461 quidam
352 1376 515 1438 bonorum
532 1384 666 1438 actuum
690 1374 872 1438 monachus
887 1374 930 1439 ad
946 1385 1098 1440 extrema
1113 1376 1291 1459 perductus
1305 1385 1364 1442 est.

201 1479 311 1565 Quem
327 1500 403 1544 cum
420 1479 453 1542 in
469 1478 551 1542 hora
569 1479 619 1541 sui
642 1479 754 1543 exitus
777 1480 933 1558 visitaret,
955 1481 1005 1544 vir
1027 1479 1091 1545 Dei
1115 1479 1280 1565 paulisper
1294 1481 1366 1564 ejus

201 1585 358 1648 assistens
384 1582 514 1661 lectule,
541 1583 637 1665 eique
663 1581 871 1661 benedicens,
901 1584 993 1648 ocius
1022 1583 1160 1649 domum
1189 1584 1366 1666 egreditur,

201 1688 317 1752 nolens
331 1686 443 1751 videre
459 1685 664 1764 morientem,
679 1688 735 1770 qui
751 1688 870 1752 eodem
891 1698 1063 1753 momento
1077 1688 1120 1753 de
1136 1689 1246 1754 medio
1261 1688 1368 1754 lactus

201 1802 258 1858 est
304 1792 400 1856 Tunc
415 1811 495 1874 ergo
509 1791 559 1855 vir
574 1799 717 1870 sanctus,
740 1791 773 1855 in
797 1792 988 1857 monasterii
1012 1793 1061 1855 sui
1078 1792 1188 1875 platea
1208 1792 1366 1858 deambu-

202 1895 274 1958 lans
303 1893 389 1957 coelo
426 1893 573 1956 intentus
604 1892 707 1956 oculis
736 1892 834 1959 valde
867 1892 1104 1977 obstupescens
1133 1895 1366 1961 admirabatur.

201 1998 321 2062 Tantae
344 2017 424 2080 ergo
448 1997 677 2061 admirationis
704 2016 837 2062 causam
866 1997 1067 2082 interrogare
1090 2019 1189 2063 ausus
1213 2009 1265 2064 est
1289 2018 1365 2064 eum

202 2122 287 2167 unus
302 2122 347 2164 ex
363 2101 517 2164 fratribus
532 2101 588 2185 qui
613 2101 703 2165 solus
725 2111 805 2165 tunc
829 2103 950 2167 aderat
996 2102 1058 2169 Cui
1076 2103 1236 2169 Sanctus:
1268 2104 1367 2169 Nunc

201 2213 342 2282 sanctos,
375 2205 430 2282 ait,
456 2204 593 2288 angelos
630 2214 745 2270 contra
776 2205 979 2271 adversarias
1012 2216 1194 2290 potestates
1217 2200 1368 2292 belliger·

201 2330 257 2373 are
287 2308 379 2386 vidi;
403 2306 601 2391 Christoque
632 2310 844 2393 agonothetae
873 2311 996 2394 gratias
1022 2330 1095 2394 ago,
1121 2310 1199 2394 quia
1228 2311 1369 2376 victores

202 2412 312 2496 angeli
336 2412 441 2475 sancti
466 2412 613 2475 animam
638 2412 736 2496 hujus
759 2414 922 2497 peregrini
946 2414 1031 2478 coelo
1054 2424 1255 2498 receperunt
1301 2415 1368 2482 Sed

201 2516 264 2580 hoc
279 2535 394 2600 quaeso
408 2525 661 2595 sacramentum,
676 2518 756 2581 dum
776 2517 945 2597 advixero,
960 2519 1084 2583 nemini
1099 2517 1230 2586 reveles

623 2969 819 3038 CAPUT
854 2969 956 3037 VII.

482 3157 580 3225 Mors
603 3159 721 3226 Sancti
739 3158 913 3226 Brendanr’
933 3159 1096 3226 revelato.²

205 3344 374 3430 QUADAM
392 3345 508 3412 itidem
524 3347 578 3413 die
593 3367 725 3414 summo
741 3368 839 3415 mane
855 3348 999 3416 Sanctus
1014 3366 1112 3412 suum
1133 3348 1275 3413 advocat
1291 3348 1374 3412 min-

205 3450 392 3514 istratorem
411 3451 643 3530 Diormetium,
655 3452 807 3536 inquiens
831 3453 896 3519 ita:
928 3451 1039 3519 Sacrae
1065 3451 1214 3517 celeriter
1239 3452 1374 3518 euchar-

205 3554 289 3618 istiae
314 3554 497 3620 ministeria
520 3566 767 3641 praeparentur3
789 3557 890 3623 hodie
910 3558 999 3622 enim
1025 3555 1144 3621 natalis
1167 3555 1255 3621 beati
1273 3557 1374 3621 Bren-

205 3656 283 3721 dani
314 3666 365 3722 est
395 3658 474 3723 dies
539 3657 659 3740 Quare,
690 3661 737 3724 ait
771 3661 930 3739 minister,
959 3660 1039 3725 talia
1068 3659 1246 3744 praecipis?
1290 3658 1373 3724 Nul-

205 3761 256 3825 lus
285 3762 375 3826 enim
407 3763 478 3846 ejus
507 3762 617 3828 obitus
647 3765 815 3848 praecessit
845 3764 985 3830 nuncius
1008 3764 1051 3828 de
1078 3763 1199 3828 Scotia
1268 3762 1375 3840 Vade,

207 3865 313 3947 inquit
341 3865 494 3942 Sanctus,
520 3887 603 3930 meae
627 3866 852 3932 obsecundare
871 3866 1018 3951 jussioni.
1080 3865 1156 3929 Hac
1176 3865 1265 3930 enim
1292 3885 1375 3947 prae·

207 3969 305 4033 terita
329 3980 427 4034 nocte
442 3970 509 4035 vidi
530 3971 640 4034 subito
660 3981 812 4054 apertum
836 3971 957 4036 coelum
974 3968 1234 4053 angelorumque
1256 3969 1375 4032 choros

243 4169 371 4221 ¹Ademn.
387 4170 438 4220 111.
453 4170 477 4221 6.

242 4251 372 4302 andana
389 4252 441 4302 111.
458 4264 496 4314 ιι,
505 4251 577 4305 Obiit
589 4252 743 4314 Brendnnus,
757 4265 816 4305 no.
831 4264 886 4319 577.
927 4253 1009 4313 Ware,
1023 4251 1115 4317 δαίμ.
1128 4249 1373 4302 lim-Meroe

207 4332 288 4385 Other
300 4334 371 4384 dates
387 4350 430 4385 are
446 4334 500 4385 also
515 4334 590 4401 given
607 4335 695 4386 sorbis
711 4336 804 4388 death:
822 4335 990 4402 Tigbemach,
1004 4333 1051 4400 565
1067 4334 1118 4385 and
1136 4343 1200 4398 5733
1216 4333 1266 4384 Au.
1281 4332 1375 4395 Uister,

208 4412 256 4478 5⁶⁴
266 4413 317 4463 and
330 4425 397 4479 5713
414 4415 464 4465 An.
485 4415 589 4467 Inisiell.
610 4415 665 4482 565.
703 4417 798 4469 Umber
816 4418 867 4468 end
887 4416 930 4468 the
950 4417 1017 4466 Four
1039 4415 1146 4465 Muters
1162 4413 1221 4479 give
1237 4422 1293 4477 571.
1328 4413 1375 4462 Dr.

207 4495 306 4546 Reeves
317 4498 410 4562 preleio
420 4508 479 4548 nu.
492 4506 547 4562 573.
583 4498 626 4551 He
637 4498 696 4551 died
705 4497 732 4549 iu
742 4498 782 4550 his
793 4497 915 4566 eightietb
926 4513 994 4565 year,
1004 4495 1048 4548 the
1059 4495 1131 4563 night
1142 4494 1227 4547 before
1235 4493 1380 4547 November

207 4588 247 4640 295
263 4577 346 4629 which
365 4577 388 4630 is
404 4577 446 4630 bis
461 4577 519 4646 ὼγ.
