3226 5520
645 440 954 511 COLUMBAE.
1335 441 1377 524 87

215 648 487 734 tranquillitatem
517 650 701 734 quamlibet
731 651 764 715 in
794 659 994 735 tempestate
1022 651 1167 715 donavit
1225 650 1270 714 Et
1293 666 1379 723 ecce,

215 753 332 817 eadem
348 755 403 820 die
417 755 621 838 aliquamdiu
636 776 657 820 a
672 755 826 821 fratribus
841 765 1022 840 expectata
1036 756 1138 833 navis,
1154 755 1187 818 in
1203 774 1270 839 qua
1285 773 1378 816 sanc·

214 865 269 921 tus
291 859 396 924 inerat
419 859 638 939 Cannechus,²
651 860 752 944 juxta
775 861 889 928 Sancti
912 861 1200 945 prophetationem
1221 856 1378 942 pervenit

215 960 278 1027 Cui
294 964 437 1030 Sanctus
452 985 528 1030 cum
544 965 699 1031 iratribus
718 967 851 1030 obviarn
868 966 967 1044 venit,
981 975 1016 1031 et
1030 968 1074 1030 ab
1088 986 1129 1030 eo
1144 961 1331 1039 honorilice,
1346 969 1380 1024 et

215 1064 423 1150 hospitaliter
437 1079 609 1153 susceptus
624 1079 683 1134 est
729 1069 782 1134 Illi
800 1090 879 1134 vero
901 1080 1021 1147 nautae,
1036 1071 1093 1155 qui
1109 1089 1185 1134 cum
1201 1065 1381 1134 Cannecho

215 1169 352 1250 inerant,
368 1174 561 1258 interrogati
576 1196 597 1239 a
612 1174 766 1240 iratribus
781 1175 824 1240 de
841 1174 1002 1260 qualitate
1025 1174 1254 1259 navigationis,
1269 1171 1316 1236 sic
1331 1190 1380 1234 re·

216 1275 362 1342 tulerunt
376 1278 474 1343 sicuti
497 1289 632 1344 sanctus
654 1278 819 1346 Columba
841 1280 932 1364 prius
952 1281 995 1344 de
1017 1287 1217 1364 tempestate
1236 1287 1270 1342 et
1291 1286 1380 1341 tran·

215 1381 379 1465 quillitate
393 1384 526 1468 pariter,
541 1385 616 1451 Deo
631 1386 788 1464 donante,
803 1385 836 1449 in
852 1386 970 1450 eodem
994 1385 1087 1464 mari,
1102 1394 1137 1449 et
1151 1384 1269 1448 iisdem
1284 1379 1383 1458 horis,

216 1485 357 1551 mirabili
377 1487 540 1553 divisione
562 1487 764 1571 praedixerat
776 1510 785 1569 ;
808 1499 843 1555 et
865 1498 1100 1574 tempestatem
1123 1488 1253 1555 eminus
1267 1487 1382 1564 visam,

217 1610 284 1655 non
299 1591 440 1658 sensisse
454 1591 593 1679 professi
608 1603 694 1659 sunt

658 2077 865 2145 CAPUT
903 2077 952 2144 V.

235 2278 288 2343 De
304 2277 448 2362 pm'culo
471 2277 590 2344 Sancti
612 2278 806 2345 Columbanr'
824 2280 974 2364 Episcopi
994 2280 1203 2360 Moncsailni,
1225 2281 1260 2345 in
1282 2280 1374 2345 mari

443 2384 547 2467 Jicxta
568 2384 711 2449 insulam
733 2406 803 2470 quoe
823 2386 984 2450 vocitatur
1004 2385 1152 2451 Reclmc.¹

219 2587 317 2652 ALIA
332 2585 448 2651 itidem
464 2586 519 2652 die
538 2595 673 2652 sanctus
689 2585 862 2666 Columba,
884 2586 918 2651 in
943 2607 1004 2652 sua
1018 2605 1235 2651 commanens
1250 2587 1386 2652 matrice

219 2692 366 2769 ecclesia,
395 2700 531 2774 repente
561 2691 594 2755 in
625 2692 711 2755 hanc
744 2692 918 2757 subridens
955 2692 1063 2775 erupit
1096 2711 1221 2769 vocem,
1251 2693 1386 2756 dicens:

221 2794 465 2860 Columbanus²
488 2793 573 2858 filius
604 2794 761 2879 Beognai,
784 2795 827 2859 ad
855 2815 915 2859 nos
942 2796 1191 2879 transnavigare
1216 2795 1387 2879 incipiens,

220 2919 308 2964 nunc
324 2898 357 2962 in
378 2898 515 2963 undosis
530 2897 718 2982 Charybdis
738 2899 894 2963 Brecani³
911 2899 1048 2964 aestibus
1063 2899 1160 2963 valde
1175 2899 1388 2984 periclitatur,

220 3005 401 3087 ambasque
416 3002 460 3067 ad
475 3002 606 3081 coelum,
622 3003 655 3067 in
671 3023 769 3087 prora
783 3004 913 3083 sedens,
925 3003 1055 3088 palmas
1070 3003 1178 3068 elevat
1192 3024 1200 3082 ;
1216 3003 1386 3069 turbatum

220 3128 353 3192 quoque
377 3117 411 3172 et
435 3116 504 3172 tam
532 3106 742 3172 formidabile
767 3108 905 3191 pelagus
929 3108 1119 3188 benedicit;
1149 3128 1248 3191 quern
1273 3117 1387 3172 tamen

220 3212 386 3278 Dominus
401 3213 448 3276 sic
463 3220 571 3290 terret,
590 3231 655 3275 non
672 3220 710 3275 ut
725 3211 819 3275 navis
841 3211 1023 3296 naufragio,
1038 3212 1072 3275 in
1088 3231 1156 3296 qua
1171 3212 1241 3295 ipse
1256 3199 1388 3290 resides,

221 3317 318 3382 undis
332 3316 511 3391 obruatur:
533 3316 591 3380 sed
607 3316 718 3399 potius
733 3315 776 3380 ad
792 3316 955 3380 orandum
977 3316 1137 3380 intentius
1152 3316 1336 3393 suscitetur,
1351 3325 1389 3380 ut

220 3421 262 3486 ad
279 3441 349 3500 nos,
364 3420 440 3485 Deo
454 3418 608 3504 propitio,
623 3428 700 3503 post
716 3420 966 3485 transvadatum
983 3419 1155 3503 perveniat
1170 3418 1362 3502 periculum

253 3703 443 3756 ncdnnecbuc
479 3705 527 3757 See
539 3704 602 3764 111..
618 3714 656 3767 17,
670 3713 764 3764 notes,
779 3703 859 3768 infra„

254 3801 264 3829 ¹
278 3787 334 3839 The
350 3787 455 3838 modern
471 3787 583 3849 Rathlin,
597 3787 693 3852 alarge
710 3788 791 3838 island
810 3786 878 3852 lying
890 3793 917 3836 to
934 3785 977 3837 the
994 3785 1069 3836 north
1085 3783 1115 3836 ol
1133 3783 1289 3850 Ballycaslle,
1303 3784 1330 3836 ln
1346 3783 1390 3836 the

220 3878 313 3935 couoty
323 3869 352 3921 ol
360 3869 470 3921 Antrim.

254 3952 327 4003 ²See
343 3951 387 4002 the
399 3951 454 4002 Life
465 3952 499 4017 by
515 3951 658 4012 cummim,
672 3960 744 4002 notes
761 3959 789 4003 to
803 3965 824 4002 c.
839 3948 863 4011 8,
877 3950 927 4000 ond
945 3949 977 4001 cl.
993 3948 1094 4001 Forbe'
1111 3950 1174 4000 Kal.
1190 3950 1254 4000 Scor.
1267 3950 1326 4011 SS„
1339 3951 1389 4000 and

222 4035 265 4087 the
276 4034 362 4086 uncte
372 4035 398 4085 in
411 4032 515 4087 Smith's
527 4034 597 4085 Dite.
613 4034 706 4086 Christ.
721 4034 805 4099 Βίῳ,
819 4033 848 4094 ἰ.,
862 4049 887 4099 p.
899 4033 950 4084 600
959 4050 984 4084 a.

255 4131 267 4169 ³
281 4118 371 4169 Called
388 4117 421 4182 by
440 4118 483 4168 the
495 4117 560 4167 Irisb
583 4119 600 4143 “
611 4115 727 4168 Brocnn's
746 4114 901 4177 Cauldron,”
920 4117 983 4166 lrom
1004 4115 1047 4166 the
1067 4114 1176 4180 peculim
1193 4113 1289 4165 motion
1306 4114 1336 4165 ol
1348 4114 1392 4167 the

224 4197 319 4258 water,’
329 4198 380 4248 aud
398 4197 441 4249 tha
457 4198 576 4249 tradition
594 4199 648 4250 that
666 4200 761 4250 Brenn
772 4213 817 4249 son
829 4196 860 4247 ol
873 4196 966 4258 Maius,
981 4197 1021 4247 ob.
1037 4209 1094 4247 mo.
1108 4210 1166 4258 440,
1178 4211 1225 4245 son
1239 4197 1267 4246 ol
1285 4196 1354 4246 Niall
1365 4197 1395 4247 oi

224 4281 267 4332 tbe
278 4280 346 4331 Nine
358 4281 492 4346 Hostanes,
507 4297 558 4332 vu
569 4282 687 4346 enpulled
703 4280 729 4332 in
746 4281 774 4332 it.
809 4279 866 4331 The
886 4295 960 4330 name
979 4279 1025 4329 hu
1044 4279 1104 4345 long
1123 4279 1192 4329 since
1207 4278 1299 4329 shilted
1311 4286 1338 4331 to
1349 4279 1392 4330 the

223 4363 294 4412 struit
305 4362 418 4412 between
430 4362 524 4413 Scarba
534 4364 584 4413 aud
594 4363 663 4428 Jura,
677 4363 722 4413 but
733 4363 803 4412 there
814 4377 862 4412 can
879 4361 911 4411 be
927 4376 961 4410 no
972 4360 1051 4410 doubt
1064 4361 1118 4410 thal
1131 4361 1157 4410 in
1169 4359 1327 4410 Adammn'·
1343 4361 1392 4426 day

223 4443 490 4508 niseum-Brucla
502 4445 671 4497 msituated
682 4460 742 4496 near
753 4443 796 4496 the
808 4443 873 4495 Irish
884 4449 962 4494 mut.
987 4442 1036 4494 Sec
1047 4441 1173 4493 monotes
1185 4450 1211 4492 to
1223 4440 1266 4493 the
1277 4457 1394 4509 punget

224 4527 251 4579 in
264 4524 367 4578 Recvu’
378 4527 525 4588 Adonim,
540 4543 582 4593 pp.
597 4539 682 4592 29-30,
695 4527 745 4578 and
757 4543 800 4592 pp.
815 4526 932 4589 261463.
