3226 5520
633 480 943 550 COLUMBAE.
1305 501 1365 568 149

204 699 368 758 mortuam
384 708 482 775 super
496 688 598 774 pedes
613 707 736 768 eorum,
752 708 886 754 aversus
901 689 990 756 abire
1005 691 1115 774 eoepit.
1155 691 1268 758 Senex
1283 699 1365 770 tum,

121 858 124 863 ⁴
201 797 299 862 valde
313 794 525 873 tristificatus,
540 814 716 860 conversus
731 796 774 859 ad
791 794 1005 862 Columbam:
1022 797 1167 882 Quanto,
1183 797 1238 876 ait,
1253 804 1366 861 sancte

202 921 284 986 puer
307 899 480 977 Columba,
495 898 558 963 hoc
573 897 679 962 scelus
701 918 778 962 cum
794 910 907 965 nostra
929 898 1190 966 dehonoratione
1208 900 1367 985 temporis

202 1005 311 1090 spatio
326 1003 467 1069 inultum
484 1001 552 1067 fieri
568 1001 680 1084 Judex
693 1002 802 1085 justus
818 1003 962 1085 patietur
977 1004 1093 1068 Deus?
1131 1004 1274 1070 Sanctus
1289 1024 1367 1069 con-

202 1119 377 1196 sequenter
406 1108 492 1172 hanc
522 1107 554 1172 in
586 1107 695 1190 ipsum
725 1106 954 1171 sceleratorem
992 1108 1130 1191 protulit
1158 1109 1368 1188 sententiam,

202 1217 336 1282 dicens:
358 1214 486 1279 Eadem
506 1212 595 1289 hora,
610 1233 676 1294 qua
691 1210 872 1276 interfectae
888 1212 931 1277 ab
946 1232 987 1276 eo
1003 1210 1078 1277 filiae
1093 1213 1205 1277 anima
1220 1213 1369 1278 ascendit

203 1321 246 1384 ad
262 1319 373 1396 coelos,
388 1317 500 1381 anima
523 1316 626 1399 ipsius
649 1315 866 1380 interfectoris
888 1318 1069 1381 descendat
1084 1318 1126 1381 ad
1148 1316 1276 1382 inferos.
1323 1317 1369 1381 Et

204 1426 295 1490 dicto
320 1423 425 1501 citius,
447 1441 523 1486 cum
539 1420 649 1500 verbo,
664 1420 748 1484 sicut
771 1419 923 1485 Ananias
946 1441 1057 1485 coram
1082 1423 1189 1500 Petro,
1204 1422 1250 1485 sic
1265 1429 1299 1486 et
1314 1420 1369 1486 ille

204 1527 430 1594 innocentium
453 1524 632 1609 jugulator,
648 1545 760 1589 coram
786 1524 890 1589 oculis
916 1526 1021 1590 sancti
1041 1525 1181 1608 juvenis,
1196 1525 1230 1590 in
1251 1527 1368 1590 eadem

205 1643 354 1698 mortuus
378 1629 497 1695 cecidit
523 1627 651 1693 terrula
709 1628 813 1712 Cujus
835 1649 947 1693 rumor
969 1629 1088 1695 subitae
1103 1640 1138 1694 et
1153 1629 1370 1695 formidabilis

203 1737 358 1803 vindictae
382 1734 541 1799 continuo
570 1752 629 1817 per
658 1731 780 1797 multas
810 1733 934 1800 Scotiae
963 1733 1158 1818 provincias,
1183 1754 1260 1798 cum
1287 1733 1370 1798 mira

205 1841 310 1908 sancti
326 1839 457 1905 diaconi
477 1837 574 1916 sama,
589 1834 779 1919 divulgatus
793 1845 851 1901 est

250 1946 328 2011 Huc
357 1963 462 2028 usque
491 1943 534 2007 de
563 1940 824 2006 adversariorum
857 1938 1006 2006 terrificis
1035 1940 1216 2006 ultionibus
1244 1939 1371 2006 dixisse

206 2050 354 2117 sufficiat
401 2048 498 2113 Nunc
514 2047 556 2113 de
571 2045 685 2112 bestiis
700 2045 812 2130 aliqua
828 2044 1034 2111 narrabimus
1049 2064 1163 2129 pauca

588 2464 787 2533 CAPUT
825 2464 995 2531 XXVI.

278 2670 330 2738 De
344 2669 421 2756 apri
433 2669 683 2756 momficattone,
698 2670 757 2754 qui
768 2692 791 2737 a
807 2671 927 2738 Sancto
941 2671 1068 2737 eminus
1081 2670 1198 2750 unfit,
1212 2670 1305 2756 sigm

534 2786 713 2842 mostratus
727 2775 894 2842 domim
907 2777 1030 2842 mas?

207 2946 306 3014 AL10
332 2946 365 3012 in
391 2955 552 3032 tempore,
572 2947 623 3012 vir
644 2946 770 3026 beatus,
792 2966 868 3012 cum
895 2947 929 3012 in
954 2946 1032 3014 Scia
1054 2945 1175 3013 insula²
1196 2945 1374 3029 aliquantis

208 3053 434 3119 demoraretur
462 3050 590 3131 diebus,
619 3050 720 3136 paulo
754 3050 886 3136 longius
922 3037 1021 3132 solus,
1050 3051 1208 3117 orationis
1244 3050 1375 3129 intuitu,

208 3166 378 3240 separatus
401 3176 421 3220 a
444 3154 607 3233 fratribus,
628 3154 745 3219 silvam
772 3155 938 3239 ingressus
960 3156 1108 3234 densam,
1132 3154 1224 3219 mirae
1247 3152 1374 3237 magni·

208 3261 333 3325 tudinis
362 3279 489 3344 aprum,
517 3272 629 3344 ³quem
657 3259 742 3325 sorte
767 3260 909 3324 venatici
936 3280 1034 3324 canes
1060 3257 1370 3344 persequebantur‚⁴

208 3366 355 3430 obviam⁵
368 3363 491 3430 habuit
516 3362 594 3447 Quo
604 3364 674 3428 viso
683 3365 821 3442 eminus
832 3364 975 3430 Sanctus
985 3364 1148 3448 aspiciens
1158 3383 1234 3428 eum
1247 3362 1374 3428 restitit

209 3469 298 3533 Tum
314 3469 444 3547 deinde,
460 3469 613 3532 invocato
637 3468 701 3532 Dei
725 3468 869 3545 nomine,
886 3478 1002 3532 sancta
1023 3468 1151 3532 elevata
1175 3486 1284 3544 manu,
1298 3486 1375 3531 curn

210 3575 338 3639 intenta
352 3572 434 3637 dicit
448 3573 490 3636 ad
514 3592 591 3635 eum
611 3572 780 3637 oratione:
808 3572 956 3638 Ulterius
978 3571 1042 3637 huc
1065 3574 1242 3656 procedere
1264 3571 1377 3637 noles:

210 3680 243 3741 in
272 3679 345 3741 loco
371 3678 413 3740 ad
444 3696 543 3760 quem
574 3696 661 3741 nunc
691 3676 852 3740 devenisti
881 3675 1030 3741 morere.⁶
1095 3675 1173 3761 Quo
1200 3674 1315 3740 Sancti
1342 3674 1375 3739 in

210 3782 300 3846 silvis
322 3789 521 3864 personante
543 3781 653 3859 verbo,
668 3800 735 3844 non
758 3781 865 3846 solum
889 3781 975 3845 ultra
997 3781 1153 3844 accedere
1177 3799 1241 3843 non
1263 3778 1377 3857 valuit,

210 3888 267 3951 sed
290 3894 367 3949 ante
390 3884 507 3948 faciem
532 3884 634 3968 ipsius
655 3885 808 3950 terribilis
825 3884 919 3964 serus,
934 3884 1025 3949 verbi
1041 3884 1112 3968 ejus
1127 3884 1248 3949 virtute
1264 3883 1377 3948 morti-

211 3989 335 4067 ficatus,
347 3990 414 4053 cito
429 3989 557 4053 corruit

245 4256 254 4283 ι
268 4240 324 4291 The
336 4240 390 4290 title
402 4239 428 4291 in
439 4241 464 4291 A
476 4238 497 4291 is
515 4240 533 4267 ⁸⁸
541 4239 581 4290 De
592 4254 654 4306 apro
664 4255 709 4307 per
719 4240 772 4306 ejus
783 4239 923 4292 orationem
934 4235 1112 4306 interempto.”

242 4337 255 4365 ι
269 4324 335 4374 Now
346 4322 408 4388 Stry.

243 4420 277 4458 ss
288 4406 321 4457 Α.
334 4421 373 4457 om
386 4406 416 4457 B.

243 4502 255 4539 s
269 4495 328 4539 tunc
338 4485 396 4540 add.
410 4486 440 4537 Β.

243 4572 301 4622 ὁΑ.
336 4569 479 4637 quantotius
489 4585 594 4633 morere,
608 4569 638 4623 Β.
671 4568 741 4621 Coit
