3226 5520
727 873 929 942 CAPUT
968 874 997 939 1.

590 1092 730 1158 Natales
752 1092 904 1171 Nim'ani,
924 1092 1127 1158 eteducatrb.

282 1293 327 1359 lrr
349 1294 457 1360 insula
479 1296 579 1378 igitur
599 1315 675 1379 quae
697 1296 866 1379 quondam
882 1317 903 1360 a
918 1296 1031 1372 Bruto,
1045 1304 1083 1360 ut
1104 1295 1244 1373 dicitur,¹
1259 1292 1441 1358 Britanniae

280 1417 402 1462 nomen
425 1400 561 1483 accepit,
583 1399 617 1463 in
640 1400 751 1483 ipsius,
766 1400 909 1464 nominis
931 1410 1040 1483 gente,
1054 1400 1137 1464 haut
1151 1398 1289 1482 ignobili
1304 1394 1441 1470 familia,

279 1502 397 1567 beatus
424 1503 609 1568 Ninianus²
623 1505 737 1569 extitit
758 1505 934 1584 oriundus;
955 1504 989 1568 io
1012 1525 1061 1581 ea,
1075 1514 1113 1568 ut
1129 1511 1285 1587 putatur,³
1298 1500 1441 1582 regione,

279 1626 355 1689 quae
366 1607 400 1670 in
410 1607 557 1671 occiduis
568 1607 671 1691 ipsius
682 1608 798 1672 insulae
810 1609 968 1691 partibus,
977 1611 1034 1672 ubi
1046 1626 1208 1672 occeanus
1219 1606 1313 1689 quasi
1325 1603 1441 1669 brach·

278 1710 348 1774 ium
363 1712 542 1794 porrigens,
557 1721 592 1776 et
614 1731 658 1775 ex
681 1721 819 1795 utraque
837 1720 931 1794 parte
946 1712 1040 1795 quasi
1056 1730 1140 1793 quos
1154 1709 1295 1792 angulos
1309 1708 1441 1784 iaciens,

279 1812 455 1880 Scotorum
478 1824 622 1880 nuncet
645 1813 832 1897 Anglorum
859 1835 961 1896 regna
985 1814 1104 1879 dividit
1126 1815 1317 1890 constituta,
1336 1829 1441 1894 usque

278 1918 457 1982 novissima
467 1919 511 1983 ad
523 1917 711 2001 Anglorum
723 1926 875 2001 tempora
890 1918 1060 2002 proprium
1072 1918 1228 1982 babuisse
1240 1936 1361 2000 regem,
1373 1936 1440 1980 non

278 2021 385 2086 solum
408 2022 629 2106 hystoriarum
653 2021 727 2101 fide,
749 2024 808 2086 sed
831 2032 866 2086 et
891 2023 1099 2106 quorundam
1126 2042 1260 2105 quoque
1282 2021 1442 2085 memoria

278 2126 519 2208 comprobatur.
564 2126 662 2190 Pater
676 2126 748 2210 ejus
767 2139 840 2191 rex⁴
862 2126 933 2204 luit,
948 2126 1105 2209 religione
1121 2125 1344 2202 christianum
1365 2124 1441 2190 talis

278 2228 368 2310 apud
393 2227 504 2292 Deum
532 2226 617 2306 fidei,
643 2228 719 2292 talis
745 2228 862 2305 meriti,
891 2238 929 2292 ut
957 2229 1015 2293 tali
1042 2228 1134 2310 prole
1159 2229 1280 2312 dignus
1305 2227 1441 2292 habere·

278 2339 340 2408 tur,
355 2350 414 2414 per
433 2350 534 2413 quam
556 2351 597 2394 ea
618 2350 693 2413 quae
715 2332 824 2414 gentis
849 2351 919 2396 suae
942 2331 1018 2396 fidei
1043 2332 1180 2398 deerant
1202 2332 1441 2416 supplerentur,

279 2444 314 2499 et
339 2433 473 2498 alterius
498 2433 607 2516 gentis
633 2434 725 2499 natio
750 2454 825 2516 quae
853 2433 929 2499 fidei
959 2446 1165 2501 sacramenta
1195 2456 1262 2500 non
1293 2446 1442 2514 noverat,

278 2557 380 2602 sacrae
391 2536 558 2623 religionis
569 2537 770 2602 imbueretur
782 2539 942 2603 misteriis
968 2540 1034 2604 Hic
1046 2542 1079 2603 in
1092 2542 1164 2623 ipsa
1174 2540 1322 2616 infantia,
1331 2560 1442 2604 sacro·

279 2640 385 2706 sancti
416 2641 626 2723 baptismatis
655 2642 746 2706 unda
776 2650 917 2720 renatus,
946 2655 1072 2709 vestem
1103 2645 1311 2728 nuptialem⁵
1338 2667 1441 2730 quam

311 2910 323 2950 ¹
337 2908 387 2959 For
398 2907 448 2960 this
460 2909 551 2975 legend
567 2908 611 2961 tbe
630 2911 717 2962 render
727 2926 785 2977 may
794 2911 892 2962 consuit
909 2911 1018 2973 Fordun,
1032 2913 1121 2972 boore,
1135 2912 1279 2977 Wyntonn,
1293 2911 1440 2973 Bellenden,

278 2995 325 3041 ele.

311 3108 323 3136 a
336 3089 391 3140 'ibe
404 3088 495 3141 Saiut’s
506 3105 579 3141 nume
590 3105 676 3141 occurs
686 3091 712 3141 in
723 3091 837 3143 different
850 3092 932 3142 forms
968 3091 1037 3143 Rode
1053 3107 1140 3142 names
1152 3091 1205 3142 him
1217 3091 1302 3156 Nynia
1313 3110 1321 3151 ;
1337 3091 1439 3152 Aledio,

279 3171 371 3236 Nynie,
387 3172 495 3238 Nynigt,
510 3171 594 3222 Ninia,
631 3173 662 3223 In
684 3173 784 3224 lrelend
800 3174 833 3224 be
846 3190 897 3224 veru
912 3173 993 3224 culled
1006 3174 1127 3232 Monenn,
1140 3173 1193 3232 ie,
1210 3175 1228 3199 ‘⁸
1239 3173 1287 3237 My
1298 3171 1402 3232 Neon,”
1413 3189 1442 3223 or

281 3255 299 3279 ‘¹
310 3253 355 3318 My
366 3251 488 3303 Niniau”
522 3252 634 3303 Barbour
650 3254 711 3304 cells
728 3255 780 3304 him
798 3255 892 3305 Ninian
903 3255 953 3305 and
966 3253 1082 3304 Niniune
1120 3255 1162 3304 He
1173 3254 1194 3304 is
1205 3255 1336 3319 popuhrly
1347 3255 1442 3305 known

278 3333 305 3384 in
323 3334 442 3384 Scotlrud
458 3349 487 3384 u
504 3335 541 3386 St.
557 3335 665 3400 Ringcn,
679 3351 707 3385 or
720 3336 827 3400 Ringen,
841 3337 891 3385 rnd
903 3337 928 3385 in
940 3336 983 3387 the
995 3335 1079 3385 North
1096 3335 1125 3384 ol
1139 3336 1256 3399 Engund
1272 3351 1300 3385 as
1317 3337 1353 3387 St.
1368 3334 1441 3385 Trin-

277 3431 337 3481 yon,
350 3417 387 3467 St.
401 3415 513 3467 Trimrn.
552 3419 570 3442 ‘⁸
579 3417 656 3482 Seynt
667 3418 781 3483 Truyous
792 3419 818 3468 in
830 3419 964 3470 Seotlende
973 3417 988 3443 ”
999 3420 1053 3468 also
1063 3433 1150 3468 occurs
1161 3418 1232 3479 (will
1243 3418 1273 3468 oi
1282 3419 1312 3468 R
1327 3418 1439 3481 Ardecn,

279 3497 337 3549 Oct.
351 3509 391 3557 22,
408 3499 488 3560 1540).

311 3598 323 3637 3
335 3596 422 3646 Ailred
434 3596 525 3661 simply
535 3595 604 3661 givet
614 3596 657 3647 the
669 3597 795 3658 tradition,
808 3598 859 3649 end
870 3614 975 3664 appears
986 3607 1013 3649 to
1024 3599 1088 3649 une
1099 3599 1150 3649 bad
1161 3614 1230 3650 some
1240 3598 1320 3649 doubt
1331 3614 1360 3649 cs
1370 3607 1398 3649 to
1409 3599 1442 3650 its

277 3687 436 3730 correctness.
472 3678 499 3729 Ii
517 3678 558 3729 the
578 3679 698 3730 tradition
715 3695 771 3745 may
783 3681 814 3731 be
831 3680 933 3740 trusted,
947 3681 1041 3731 Niniue
1053 3697 1104 3731 vrrs
1114 3681 1178 3730 born
1188 3681 1341 3731 somewhere
1352 3696 1386 3731 on
1398 3681 1442 3732 the

277 3768 347 3811 coest
358 3760 386 3810 ol
395 3758 439 3811 the
451 3759 551 3826 Solwry
562 3759 641 3823 Firth,
654 3760 681 3811 io
693 3761 759 3813 wbct
770 3763 860 3812 almost
871 3762 946 3813 down
959 3771 985 3813 to
997 3762 1040 3813 the
1048 3762 1108 3813 time
1115 3763 1144 3812 oi
1151 3761 1241 3814 Ailred
1249 3777 1300 3813 vrrs
1309 3762 1352 3814 the
1359 3763 1442 3829 King·

277 3842 337 3893 dom
348 3842 378 3892 ol
386 3841 514 3893 Cumbric.

308 3953 321 3990 4
334 3939 486 4004 Probably·
498 3937 650 4004 perrychiet.
687 3939 717 3989 In
737 3940 780 3991 the
798 3940 873 3992 Livcs
889 3942 918 3991 oi
934 3941 976 3992 the
996 3941 1081 3994 Snints
1100 3942 1167 3992 tides
1182 3958 1225 3993 ere
1240 3941 1369 3993 bestowed
1381 3959 1442 4011 very

276 4022 397 4085 libenuy.
433 4019 563 4086 Porphyry
579 4021 669 4085 rpeulrs
687 4021 717 4072 ol
733 4021 828 4072 Britain
850 4038 878 4072 rs
900 4023 1014 4073 “lertilis
1032 4023 1160 4090 provincia
1178 4032 1338 4087 tyrannorum
1349 4023 1380 4084 ;''
1396 4041 1439 4092 ap.

276 4103 426 4168 Hieronym.
439 4103 472 4153 cd
491 4102 603 4168 ctesiph.
617 4104 674 4154 cdv.
690 4103 773 4169 Pelrg.
788 4104 849 4156 xliii.
884 4105 1041 4157 eudemius
1052 4106 1104 4166 (De
1120 4105 1231 4156 sortituri.
1246 4106 1327 4166 Soot,
1341 4123 1367 4171 p.
1383 4118 1439 4173 173.

277 4186 355 4248 Paris,
371 4185 452 4250 1631),
465 4200 530 4251 ruys,
547 4187 565 4212 ‘⁴
575 4186 656 4236 Natus
666 4195 704 4236 est
716 4187 859 4252 perentibus
866 4187 937 4253 juxta
948 4189 1032 4240 saeculi
1043 4189 1190 4251 dignitatem
1202 4186 1356 4239 nobilibus.”

309 4284 423 4335 ⁵Called
442 4284 475 4349 by
493 4283 604 4334 narbon
627 4285 644 4310 “
651 4285 699 4334 eud
718 4284 812 4345 clathx’
831 4287 880 4336 end
898 4286 924 4336 in
942 4287 1040 4338 hliddle
1052 4286 1157 4351 English
1168 4303 1184 4337 ι
1197 4287 1442 4340 “chrisom-cloth.”

278 4367 314 4417 Its
325 4368 452 4418 character
463 4366 513 4416 nod
527 4365 685 4431 signifimnce
699 4383 741 4418 cre
757 4369 826 4433 aptly
837 4369 966 4418 described
978 4369 1004 4418 in
1016 4369 1058 4420 the
1069 4370 1197 4433 following
1209 4385 1332 4434 passage:
1351 4372 1370 4397 ‘⁸
1379 4371 1441 4422 Last

276 4448 338 4498 oiri
349 4447 392 4498 the
403 4448 480 4499 berne
490 4447 545 4497 thet
565 4445 586 4497 is
607 4447 718 4514 humidi,
739 4448 761 4498 is
779 4448 835 4500 cled
852 4450 912 4499 with
932 4465 979 4500 ene
996 4449 1082 4516 quhite
1103 4451 1208 4516 lynning
1222 4450 1301 4500 'cluith
1312 4452 1442 4504 callitone

279 4529 648 4597 eude,qubilkbeukinruu
663 4530 695 4583 he
711 4530 733 4583 ir
749 4531 821 4584 cleue
837 4531 1440 4600 mhummuissymurhrrbeisbmeur
