3226 5520
569 457 716 523 VITA
748 458 1039 523 Il.—PRAEF.
1072 458 1127 522 11.

591 663 634 725 ΙΝ
660 662 818 727 Noumn
839 663 930 745 Jasu
957 662 1114 728 Culusm

545 783 727 848 Sncnunh
749 784 926 850 Onnmnn
951 784 1152 847 Picumno.

312 933 373 996 Vir
387 944 457 998 erat
471 935 549 999 vitae
574 934 768 999 venerabilis
783 945 816 999 et
832 935 939 999 beatae
960 933 1137 1012 memoriae,
1156 933 1430 999 monasteriorum

267 1046 362 1120 pater
376 1049 410 1103 et
425 1039 605 1117 fundator,⁶
623 1060 699 1104 cum
724 1039 807 1105 Iona
828 1039 992 1123 propheta
1009 1038 1274 1122 homonymum⁷
1294 1039 1430 1103 sortitus

268 1142 425 1222 nomine;
447 1162 525 1208 nam
548 1143 624 1208 licet
642 1145 772 1209 diverso
791 1144 890 1208 trium
913 1144 1115 1208 diversarum
1137 1163 1220 1207 sono
1235 1141 1430 1226 linguarum,

268 1263 368 1308 unam
399 1254 511 1310 tamen
542 1249 749 1330 eandemque
774 1267 843 1310 rem
870 1246 1035 1331 significat
1056 1247 1127 1324 hoc,
1149 1246 1239 1331 quod
1266 1246 1431 1310 Hebraice

267 1350 387 1414 dicitur
401 1351 505 1428 Iona,8
519 1350 679 1415 Graecitas
689 1370 768 1415 vero
778 1363 985 1417 nuptorum
998 1349 1131 1428 vocitat,
1141 1359 1174 1414 et
1187 1349 1309 1413 Latina
1318 1349 1432 1432 lingua

268 1441 432 1518 Columba
442 1466 467 1494 ¹⁰
489 1464 704 1538 nuncupatur.
754 1453 838 1518 Tale
860 1462 1057 1536 tantumque
1082 1452 1281 1518 vocabulum
1304 1452 1431 1519 homini

270 1556 334 1621 Dei
355 1577 422 1621 non
446 1556 517 1622 sine
534 1557 653 1622 'divina
676 1556 840 1622 inditum¹
862 1556 1071 1640 providentia
1091 1556 1240 1621 creditur.
1286 1556 1375 1620 Nam
1398 1565 1432 1621 et

264 1659 366 1742 juxta
381 1660 639 1746 Evangeliorum
656 1659 756 1725 fidem
773 1660 916 1744 Spiritus
935 1660 1078 1726 Sanctus
1096 1681 1195 1744 super
1210 1660 1430 1745 Unigenitum

268 1764 383 1827 aeterni
409 1764 515 1828 Patris
538 1764 748 1831 descendisse
773 1772 974 1828 monstratur
997 1763 1031 1827 in
1055 1763 1161 1829 forma
1175 1762 1262 1829 illius
1285 1763 1432 1843 avicula,

268 1886 344 1950 quae
380 1867 535 1932 columba
569 1868 711 1934 dicitur:
748 1869 836 1934 unde
874 1867 1069 1952 plerumque
1099 1869 1133 1932 in
1163 1869 1306 1935 sanctis·
1341 1868 1433 1935 libris

268 1970 423 2037 columba
453 1972 592 2056 mystice
619 1971 780 2056 Spiritum
808 1971 970 2041 Sanctum
1000 1970 1185 2055 significare
1218 1971 1432 2055 dignoscitur.

269 2076 412 2141 Proinde
434 2085 469 2141 et
492 2076 646 2145 Salvator
669 2077 702 2140 in
727 2075 911 2160 Evangelio
934 2094 995 2139 suo
1021 2075 1184 2159 pracepit,
1199 2074 1370 2160 discipulis
1395 2083 1434 2141 ut

268 2178 495 2245 columbarum
512 2181 546 2245 in
561 2181 661 2245 corde
672 2200 756 2263 puro
771 2180 929 2245 insertam
945 2178 1192 2263 simplicitatem
1203 2180 1411 2245 continerent
1425 2202 1434 2259 ;

268 2283 424 2347 columba
438 2285 561 2351 etenim
577 2282 722 2367 simplex
738 2293 772 2349 et
786 2284 945 2348 innocens
960 2291 1011 2348 est
1033 2285 1110 2349 avis
1157 2283 1235 2349 Hoc
1249 2283 1361 2368 itaque
1376 2305 1435 2349 vo·

268 2387 398 2452 camine
413 2396 446 2452 et
461 2387 563 2452 homo
577 2388 722 2471 simplex
746 2388 969 2472 innocensque
992 2388 1175 2471 nuncupari
1196 2386 1313 2454 debuit
1326 2389 1384 2471 qui
1399 2389 1434 2453 in

269 2512 304 2555 se
319 2490 516 2557 columbinis
541 2491 686 2557 moribus
703 2490 841 2574 Spiritui
862 2491 987 2558 Sancto
1002 2491 1359 2576 hospitiumpraebuit:
1380 2493 1435 2557 cui

269 2594 395 2659 nomini
421 2615 486 2659 non
511 2595 780 2660 inconvenienter
803 2597 956 2680 congruit
980 2594 1061 2660 illud
1084 2597 1175 2678 quod
1192 2596 1225 2659 in
1251 2596 1436 2662 Proverbiis

269 2699 427 2782 scripturn
444 2710 513 2765 est:
537 2699 658 2765 Melius
673 2709 724 2765 est
740 2718 862 2764 nornen
877 2699 1012 2779 bonum,
1026 2718 1127 2782 quam
1146 2699 1271 2765 divitia
1286 2699 1409 2769 multae
1422 2713 1436 2751 ³

271 2803 338 2867 Hic
360 2804 460 2887 igitur
482 2813 594 2871 noster
615 2802 736 2887 praesul
758 2822 825 2869 non
847 2802 1022 2880 immerito,
1048 2822 1114 2867 non
1138 2801 1247 2867 solum
1272 2823 1293 2867 a
1318 2804 1436 2869 diebus

269 2906 419 2973 infantia
434 2908 497 2973 hoc
512 2906 683 2986 vocabulo,
699 2908 774 2972 Deo
789 2908 946 2986 donante,
961 2908 1151 2986 adornatus,
1165 2908 1301 2991 proprio
1310 2909 1437 2975 ditatus

269 3018 329 3088 est,
351 3012 409 3075 sed
426 3012 527 3077 etiam
550 3011 729 3096 praemissis
752 3010 932 3076 multorum
955 3010 1057 3093 cyclis
1083 3030 1244 3076 annorum
1267 3021 1346 3076 ante
1366 3032 1436 3077 suae

270 3115 453 3180 nativitatis
468 3115 558 3179 diem
574 3115 705 3180 cuidam
723 3114 845 3180 Christi
861 3113 967 3191 militi,
983 3113 1108 3196 Spiritu
1125 3113 1291 3179 revelante
1302 3114 1438 3196 Sancto,

302 3317 315 3357 ⁶
327 3317 470 3382 According
482 3325 508 3367 to
516 3317 625 3382 Jocelin,
638 3317 670 3368 he
682 3333 733 3368 vas
744 3318 786 3368 the
797 3317 902 3368 founder
910 3316 939 3367 os
946 3333 962 3366 a
970 3315 1084 3367 hundred
1095 3317 1264 3368 monasterius
1289 3318 1438 3370 O‘Donnell

269 3397 296 3448 in
306 3397 347 3449 his
365 3399 425 3459 Vct,
439 3400 502 3459 111„
515 3412 555 3461 42.
592 3399 649 3461 (Tr.
668 3399 726 3460 Th,
739 3416 764 3465 p.
777 3398 847 3463 438,)
860 3399 946 3449 makes
960 3399 1012 3449 him
1025 3399 1067 3449 the
1079 3399 1183 3450 founder
1194 3400 1224 3449 ol
1237 3401 1306 3451 three
1323 3400 1437 3452 hundred

270 3481 432 3530 monasteries
442 3480 491 3530 and
504 3479 624 3531 churches
635 3479 661 3530 in
674 3480 774 3531 lrelnnd
785 3480 835 3529 and
848 3479 951 3539 Britain,
966 3479 996 3529 of
1003 3480 1085 3531 which
1097 3496 1145 3531 nne
1153 3481 1268 3532 hundred
1277 3497 1341 3533 were
1351 3498 1385 3532 on
1394 3484 1438 3534 the

269 3568 347 3612 coust.
391 3562 488 3626 Colguu
503 3562 562 3623 (n.
585 3563 642 3623 Νι..
661 3578 704 3627 pp.
723 3564 853 3626 493·495,)
870 3570 1027 3625 enumerares
1045 3562 1166 3627 duty-six,
1186 3563 1215 3614 ol
1231 3562 1314 3614 which
1334 3565 1367 3615 he
1386 3579 1438 3616 vu

269 3641 349 3693 either
360 3643 464 3707 directly
477 3659 505 3693 nr
516 3641 649 3707 indirectly
660 3643 702 3694 the
714 3643 827 3694 founder.

302 3738 314 3775 ⁷
328 3726 357 3776 C.
394 3725 548 3786 omonimus,
564 3728 596 3775 A.
612 3726 645 3775 D.
662 3726 689 3775 F.
704 3725 768 3776 Cod.
784 3725 851 3776 Cott.

302 3811 315 3850 ⁸
328 3808 384 3859 The
397 3809 467 3859 word
483 3813 551 3870 rm*
567 3824 653 3858 occurs
670 3808 697 3858 in
713 3807 755 3858 the
774 3808 825 3860 Old
837 3808 983 3859 Testament
994 3808 1056 3860 both
1068 3825 1095 3859 as
1105 3826 1120 3859 a
1131 3825 1221 3875 proper
1232 3825 1306 3860 name
1317 3809 1368 3861 und
1379 3827 1407 3861 ns
1422 3829 1438 3863 a

270 3913 388 3950 common
399 3911 467 3946 noun
480 3895 615 3962 signifying
625 3912 641 3946 a
652 3897 725 3946 dove.

303 3990 317 4028 9
330 3983 365 4033 So
382 3979 446 4032 Cod.
461 3979 529 4031 con.
572 3979 594 4030 F
594 3979 713 4043 ollowing
725 3977 848 4040 Canisius,
863 3978 999 4030 Pinkerton
1015 3979 1113 4045 printed
1126 3980 1332 4041 namnum,
1344 3980 1440 4047 adding

271 4061 299 4113 in
308 4078 325 4113 a
335 4068 396 4113 note
415 4060 517 4124 “Quod
528 4060 726 4111 damonum
737 4060 779 4111 hic
790 4061 843 4111 vult
854 4076 905 4111 uon
917 4059 1018 4111 video.¹'

305 4157 330 4186 ¹0
336 4143 416 4196 Other
432 4142 508 4193 forms
517 4141 548 4193 oi
561 4142 604 4193 the
615 4157 688 4193 nume
704 4157 747 4193 ure
764 4141 879 4202 Columb,
894 4143 1040 4202 columbus,
1055 4142 1234 4195 Columbonuc
1271 4143 1309 4208 By
1319 4143 1363 4194 the
1374 4142 1442 4195 lrinh

271 4225 304 4276 he
315 4241 366 4275 was
376 4224 457 4275 culled
470 4223 627 4284 Columcille,
640 4223 693 4285 i.e.,
708 4223 800 4274 Colum
814 4223 842 4274 ol
856 4223 899 4275 the
909 4222 1037 4275 churches.
1074 4224 1117 4275 He
1127 4224 1149 4276 is
1159 4224 1214 4275 said
1225 4225 1258 4288 by
1269 4225 1336 4277 Imh
1346 4224 1442 4276 writers

272 4313 299 4356 to
309 4306 373 4356 have
384 4306 448 4355 been
460 4305 600 4355 christeued
612 4304 770 4365 Crimthann,
783 4320 799 4354 a
810 4304 861 4354 lox.

306 4396 314 4423 ¹
329 4389 451 4448 indutum,
467 4387 531 4438 Cod.
545 4387 613 4438 cort.

304 4471 392 4521 aeon
409 4471 477 4521 Cott.

304 4564 315 4602 ³
330 4553 414 4612 Pron,
427 4551 496 4613 xxii,
514 4565 533 4601 1.
