3226 5520
606 487 917 558 columna.
1282 492 1340 578 1ss

178 702 213 762 et
227 693 420 780 putrefacta,
431 695 604 763 inventurn
619 702 671 762 est
684 696 808 765 siccum
823 704 859 766 et
872 696 965 766 nullo
979 698 1081 767 modo
1092 702 1292 786 corruptum,
1303 717 1342 767 cc

179 800 206 867 si
221 800 255 865 in
271 800 425 867 scriniolo
439 808 527 870 esset
540 802 757 870 reconditum

597 1193 671 1262 CA
684 1195 710 1261 P
724 1194 801 1263 UT
841 1195 854 1260 l
867 1197 917 1263 X.

449 1386 502 1452 Dr
514 1386 581 1454 alio
594 1386 751 1454 miramo
764 1386 801 1453 in
816 1408 851 1453 re
863 1385 971 1454 simili
976 1397 1074 1473 gesto.

182 1580 280 1644 Amo
312 1577 346 1643 in
383 1586 544 1662 tempore,
572 1577 772 1662 hymnorum
810 1577 893 1644 liber
928 1577 1211 1663 septimanlorum,
1240 1577 1346 1646 sancti

181 1683 355 1750 Columbae
371 1703 472 1748 manu
494 1683 689 1768 descriptus,
704 1685 747 1749 de
761 1683 937 1768 cujusdam
959 1682 1052 1767 pueri
1067 1683 1110 1748 de
1125 1692 1229 1767 ponte
1242 1682 1347 1769 elapsi

180 1788 335 1868 humeris,
349 1808 426 1854 curn
450 1787 588 1873 pelliceo
605 1788 637 1852 in
653 1807 722 1872 quo
736 1788 843 1855 inerat
866 1787 1007 1867 sacculo,
1022 1788 1055 1852 in
1074 1784 1221 1872 quodam
1243 1787 1347 1875 partis

182 1894 386 1978 Laginorum
402 1891 512 1971 fluvio,
526 1893 716 1959 submersus
739 1893 866 1959 cecidit
922 1892 991 1980 Qui
1005 1891 1159 1960 videlicet
1174 1891 1313 1971 libellus,
1327 1911 1348 1959 a

183 1995 345 2063 Natalitio
382 1994 520 2061 Domini
557 2015 661 2079 usque
696 1995 739 2061 ad
777 1994 987 2062 Paschalium
1024 1994 1347 2063 consummationem

181 2101 309 2166 dierum
333 2100 366 2164 in
391 2099 487 2184 aquis
512 2119 720 2184 permanens,
741 2110 859 2185 postea
873 2100 907 2167 iu
923 2099 995 2185 ripa
1017 2098 1197 2166 fluminisa
1217 2098 1348 2166 leminis

181 2205 380 2290 quibusdam
418 2203 542 2271 ibidem
586 2204 878 2272 deambulantibus
914 2213 1063 2289 repertus
1098 2205 1142 2270 ad
1179 2203 1348 2290 quendam

184 2310 390 2395 logenanum
415 2309 654 2394 presbyterum,
669 2319 770 2395 geute
794 2310 933 2389 Pictum,
948 2310 1042 2395 cujus
1064 2308 1155 2395 prius
1169 2308 1253 2396 J‘uris
1267 2317 1349 2389 erat,
1415 2386 1419 2393 ,

181 2414 214 2478 in
230 2414 359 2492 eodem,
375 2433 442 2478 non
458 2413 566 2479 solum
583 2413 780 2494 madefacto,
795 2415 854 2481 sed
869 2415 971 2481 etiam
987 2412 1183 2500 putrefacto.
1197 2422 1348 2501 portatur

181 2518 320 2582 sacculo.
377 2514 487 2601 Quem
512 2517 637 2582 scilicet
662 2517 829 2583 sacculum
857 2517 946 2584 idem
974 2518 1163 2602 logenanus
1189 2517 1349 2603 aperiens,

182 2641 277 2686 suurn
294 2620 521 2705 incorruptum
538 2621 685 2687 libellum
698 2622 833 2716 invenit,
848 2632 882 2687 et
897 2622 944 2689 ita
955 2621 1097 2687 nitidum
1113 2629 1147 2686 et
1161 2621 1295 2701 siccum,
1309 2640 1349 2687 ac

181 2726 208 2790 si
224 2731 257 2790 in
273 2725 394 2791 scrinio
409 2733 504 2790 tanto
526 2725 762 2810 permansisset
777 2736 936 2810 tempore,
951 2736 985 2792 et
1008 2745 1179 2809 nunquam
1195 2726 1228 2790 in
1244 2745 1349 2809 aquas

182 2830 362 2895 cecidisset
394 2829 461 2896 Sed
477 2839 512 2895 et
527 2829 592 2894 alia
603 2831 646 2894 de
661 2829 753 2894 libris
765 2849 866 2896 manu
879 2830 983 2895 sancti
997 2828 1171 2896 Columbae
1182 2829 1350 2894 caraxatis

182 2934 302 2999 similia
317 2933 361 2999 ab
383 2934 530 3016 expertis
553 2934 586 2997 in
610 2934 836 2999 indubitanter
858 2934 1035 3000 didicimus
1058 2933 1091 2998 in
1114 2934 1251 2999 diversis
1273 2942 1349 2999 acta

182 3037 285 3103 locis:
310 3037 367 3121 qui
390 3038 515 3102 scilicet
538 3037 621 3115 libri,
644 3038 677 3101 in
700 3037 795 3121 aquis
818 3038 925 3116 mersi,
945 3037 1037 3103 nullo
1059 3037 1162 3104 modo
1183 3037 1348 3122 corrumpi

183 3152 327 3226 potuere.
374 3141 427 3205 De
450 3161 549 3225 supra
572 3151 757 3207 memorato
772 3161 851 3207 vero
875 3142 1035 3226 logenani
1052 3141 1136 3207 libro
1150 3161 1171 3206 a
1186 3141 1262 3206 viris
1277 3141 1349 3225 qui·

183 3245 324 3311 busdam
350 3246 522 3311 veracibus
548 3255 582 3311 et
608 3245 761 3330 perlectis
790 3245 936 3330 bonique
965 3245 1156 3324 testimonii,
1182 3245 1253 3311 sine
1282 3245 1350 3312 ulla

183 3350 411 3434 ambiguitate,
426 3349 620 3416 relationem
643 3350 832 3434 accepimus
846 3371 856 3430 ;
876 3351 933 3434 qui
949 3348 1093 3415 eundem
1109 3348 1257 3416 libellum
1273 3359 1350 3434 post

183 3464 235 3521 tot
254 3454 461 3538 supradictos
485 3454 721 3520 submersionis
746 3454 828 3533 dies,
842 3453 1115 3521 candidissimum
1136 3463 1171 3519 et
1188 3453 1349 3519 lucidissi-

184 3578 276 3626 mum
306 3559 562 3624 considerarunt
624 3558 710 3623 Haec
739 3558 817 3638 duo,
841 3557 1025 3643 quamlibet
1052 3558 1086 3624 in
1116 3559 1215 3626 rebus
1240 3557 1350 3644 parvis

183 3672 326 3748 peracta,
347 3673 382 3727 et
404 3683 463 3746 per
484 3662 648 3729 contraria
669 3671 804 3728 ostensa
825 3663 1000 3743 elementa,
1022 3661 1135 3749 ignem
1164 3662 1290 3728 scilicet
1314 3670 1350 3729 et

183 3787 317 3850 aquam,
331 3766 419 3832 beati
435 3777 599 3834 testantur
613 3767 774 3834 honorem
789 3767 860 3849 viri,
874 3777 909 3835 et
923 3768 1040 3854 quanti
1062 3777 1097 3835 et
1118 3766 1227 3854 qualis
1241 3765 1350 3834 meriti

183 3873 273 3956 apud
288 3871 450 3938 habeatur
465 3872 585 3939 Deum

615 4227 820 4298 CAPUT
860 4224 905 4295 X.

241 4403 295 4468 Dr
314 4424 401 4489 aqua
421 4423 493 4490 qua
514 4403 634 4472 Sancto
654 4414 767 4471 orante
786 4425 828 4470 ex
845 4403 933 4470 dura
946 4402 1106 4489 producta
1126 4412 1176 4468 cst
1187 4409 1292 4489 petra.

186 4575 241 4642 Et
266 4576 345 4661 quia
369 4576 471 4664 paulo
496 4576 647 4666 superius
672 4577 816 4665 aquatici
842 4575 930 4644 iacta
955 4580 1009 4643 est
1034 4572 1162 4643 mentio
1185 4570 1352 4655 elementi,
