3226 5520
589 471 900 540 COLUMBAE.
1271 495 1330 562 137

164 678 348 764 intrepidus
363 680 502 745 accessit
515 681 558 745 ad
575 681 708 747 sontem.
755 683 855 768 Quod
867 683 1019 751 videntes
1035 687 1132 771 magi,
1143 707 1227 772 quos
1241 709 1331 774 saepe

163 784 235 871 ipse
264 784 419 850 confusos
448 795 482 850 et
512 787 617 851 victos
645 806 666 851 a
695 808 731 852 se
760 788 948 873 repellebat,
978 789 1076 856 valde
1105 793 1209 875 gavisi
1244 804 1331 874 sunt,

164 889 289 954 scilicet
303 899 459 974 putantes
475 910 551 955 eum
567 891 688 956 similia
703 891 789 957 illius
805 914 921 959 nocuae
937 905 1027 961 tactu
1040 916 1136 979 aquae
1148 917 1330 981 passurum.

166 994 227 1057 Ille
256 1014 335 1059 vero
364 995 526 1078 imprimis
555 994 684 1061 elevata
721 1017 821 1063 manu
854 1009 979 1077 sancta,
1009 1021 1085 1065 cum
1122 1003 1331 1068 invocatione

165 1096 286 1164 Christi
303 1099 455 1178 nominis,
470 1118 588 1164 manus
605 1099 694 1165 lavat
716 1111 750 1166 et
765 1103 888 1186 pedes3
912 1114 984 1168 tum
1006 1105 1127 1170 deinde
1141 1126 1217 1171 cum
1233 1107 1330 1172 sociis

164 1203 207 1267 de
221 1203 348 1282 eadem,
363 1224 383 1268 a
398 1224 434 1268 se
449 1203 632 1284 benedicta,
647 1205 738 1271 bibit
796 1207 852 1272 Ex
876 1208 998 1292 illaque
1019 1209 1074 1273 die
1096 1210 1266 1276 daemones
1286 1211 1331 1278 ab

164 1309 282 1373 eodem
298 1317 501 1374 recesserunt
524 1307 624 1388 fonte,
640 1318 674 1375 et
689 1331 756 1375 non
780 1312 887 1378 solum
913 1314 994 1378 nulli
1011 1334 1128 1380 nocere
1152 1317 1331 1399 permissus

164 1422 223 1491 est,
238 1415 296 1478 sed
312 1413 422 1492 etiarn,
437 1424 514 1498 post
537 1414 652 1480 Sancti
675 1414 950 1497 benedictionem,
966 1426 1000 1483 et
1015 1419 1049 1482 in
1064 1439 1105 1483 eo
1120 1420 1331 1502 lavationem,

165 1518 279 1584 multae
294 1518 328 1583 in
343 1518 468 1603 populo
483 1519 692 1586 infirmitates
707 1541 766 1605 per
781 1523 924 1588 eundem
941 1533 1067 1589 sanatae
1083 1534 1161 1591 sunt
1176 1524 1310 1591 sontem.

569 2112 773 2181 CAPUT
811 2114 924 2180 XII.

175 2333 228 2402 De
248 2332 347 2400 Beati
374 2332 451 2401 Vin·
470 2334 506 2401 in
528 2335 619 2402 mari
630 2335 782 2422 pen'culo,
804 2345 837 2403 et
857 2335 1052 2422 tempestatis
1072 2345 1188 2403 orante
1208 2335 1317 2404 subita

679 2441 848 2509 sedatione.

162 2663 261 2730 Auo
276 2661 310 2728 in
325 2670 484 2748 tempore,
499 2662 549 2728 vir
571 2671 705 2730 sanctus
727 2663 761 2729 in
777 2663 860 2731 mari
883 2664 1059 2750 periclitari
1074 2664 1200 2750 coepit;
1221 2671 1330 2730 totum

162 2786 306 2852 namque
321 2788 381 2832 vas
397 2770 499 2848 navis,
514 2767 612 2833 valde
634 2789 842 2850 concussum,
858 2770 989 2854 magnis
1011 2771 1175 2837 undarum
1191 2768 1332 2835 cumulis

161 2872 289 2938 sortiter
303 2871 488 2952 feriebatur,
504 2873 621 2956 grandi
638 2874 786 2959 undique
807 2875 981 2941 insistente
997 2884 1170 2940 ventorum
1187 2883 1331 2956 tempes-

160 2987 237 3044 tate
295 2977 416 3043 Nautae
440 2988 512 3042 turn
536 2977 621 3043 sorte
645 2977 779 3058 Sancto,
795 2981 960 3044 sentinam
983 2998 1059 3044 cum
1075 2979 1140 3042 illis
1155 2977 1331 3043 exhaurire

160 3082 303 3160 conanti,
318 3082 431 3147 aiunt:
455 3083 555 3168 Quod
579 3103 667 3148 nunc
690 3084 763 3166 agis
787 3104 854 3148 non
870 3104 1074 3168 magnopere
1090 3082 1185 3148 nobis
1201 3081 1331 3166 proficit

161 3187 446 3272 periclitantibus3
469 3206 609 3251 exorare
631 3189 742 3270 potius
766 3187 869 3253 debes
893 3208 953 3273 pro
975 3186 1198 3272 pereuntibus.
1253 3184 1331 3269 Quo

160 3291 284 3369 audito,
297 3310 419 3373 aquam
431 3299 540 3356 cessat
550 3311 698 3356 amaram
711 3292 893 3370 exinanire,
902 3290 1068 3374 hininglas
1076 3302 1096 3369 3¹
1111 3289 1242 3354 dulcem
1253 3308 1330 3352 vero

160 3406 194 3461 et
223 3396 385 3461 intentam
415 3414 547 3480 precem
577 3396 681 3480 coepit
712 3397 754 3461 ad
782 3396 967 3461 Dominum
1000 3394 1144 3460 sundere
1206 3392 1330 3458 Mirum

160 3500 260 3578 dictu,
286 3501 404 3565 eodem
435 3499 525 3563 horae
557 3511 737 3578 momento,
766 3520 834 3584 quo
864 3499 1007 3567 Sanctus
1038 3500 1071 3564 in
1102 3518 1200 3583 prora
1229 3506 1330 3578 stans,

159 3604 308 3670 extensis
323 3605 365 3668 ad
384 3603 506 3669 coelum
529 3603 657 3688 palmis,
674 3603 951 3687 Omnipotentem
974 3604 1135 3684 exoravit,
1151 3612 1222 3669 tota
1244 3603 1329 3669 aeris

160 3719 342 3795 tempestas
368 3718 402 3773 et
429 3709 528 3774 maris
558 3709 693 3788 saevitia,
720 3710 811 3774 dicto
837 3709 934 3773 citius
963 3708 1087 3787 sedata,
1117 3707 1266 3785 cessavit,
1296 3716 1331 3772 et

160 3817 273 3882 statim
308 3814 517 3879 serenissima
555 3813 776 3897 tranquillitas
798 3813 992 3905 xsubsecuta
1028 3822 1086 3878 est
1154 3810 1221 3896 Qui
1253 3830 1331 3875 vero

160 3920 235 3985 navi
259 3920 397 3997 inerant,
412 3918 643 4001 obstupefacti,
658 3938 734 3982 curn
759 3937 882 4002 magna
903 3918 1132 3993 admiratione,
1153 3915 1330 3980 relerentes

159 4025 290 4110 gratias,
305 4021 570 4108 glorificaverunt
587 4023 698 4088 Deum
715 4024 749 4087 in
764 4034 881 4088 sancto
896 4032 930 4088 et
945 4021 1148 4107 praedicabili
1164 4021 1241 4086 viro.

192 4400 201 4428 ¹
215 4391 255 4442 To
266 4391 315 4443 this
327 4392 395 4443 word
408 4392 544 4443 Pinlrerton
555 4392 688 4458 appended
699 4391 743 4444 the
753 4398 814 4442 note
826 4411 833 4444 r
849 4393 867 4419 ‘⁸
877 4391 919 4444 sic
931 4391 987 4443 MS.
1000 4390 1063 4456 Reg.
1075 4389 1119 4440 red
1128 4389 1195 4455 quod
1205 4387 1331 4454 liniantur

157 4474 210 4525 vult
220 4475 303 4525 nescio
312 4474 327 4497 '’
338 4494 345 4536 ς
363 4475 406 4526 but
417 4476 461 4526 Dr.
474 4476 565 4536 Skene,
577 4475 704 4542 following
714 4476 760 4526 Dr.
774 4476 877 4536 Recres,
888 4474 958 4541 gives
969 4490 997 4526 es
1007 4472 1040 4526 its
1052 4472 1213 4544 explanation
1227 4473 1330 4540 “green

158 4572 200 4612 set
211 4556 305 4611 ware-'¹
338 4558 387 4616 See
398 4558 441 4610 the
452 4556 546 4613 latret·
557 4565 625 4623 note,
638 4558 751 4615 Adanu.
764 4573 789 4626 p.
806 4569 860 4610 tau.
