3226 5520
221 479 281 564 138
508 477 655 545 VITA
693 474 995 544 11.-·-LIBER
1031 475 1090 543 11.

618 756 822 829 CAPUT
859 758 997 826 XIII.

304 932 357 1001 De
369 934 436 1001 alra
449 935 519 1021 ejus
532 932 568 1001 in
583 931 674 1000 man‘
685 931 792 999 simili
803 930 955 1018 perimis,
970 931 1006 1000 in
1020 930 1137 1000 verno
1150 926 1301 1000 Brecain.

219 1109 318 1176 Auo
335 1127 468 1193 quoque
488 1107 522 1172 ln
542 1115 701 1191 tempore,
717 1125 806 1171 saeva
827 1105 927 1169 nimis
949 1104 1122 1171 Insistente
1144 1113 1180 1172 et
1200 1106 1393 1191 periculosa

218 1222 430 1299 tempestate,
459 1212 564 1291 sociis,
594 1221 632 1277 ut
665 1231 726 1296 pro
755 1211 802 1274 eis
833 1208 977 1276 Sanctus
1007 1209 1191 1275 Dominum
1221 1221 1391 1293 exoraret,

219 1316 500 1384 inclamitantibus
515 1338 524 1397 ;
549 1314 613 1380 hoc
628 1316 676 1380 eis
697 1315 792 1380 dedit
811 1333 1015 1399 responsum,
1030 1314 1164 1379 dicens:
1190 1313 1267 1380 Hac
1283 1315 1320 1380 in
1334 1317 1394 1383 die

219 1443 285 1488 non
312 1430 364 1487 est
390 1441 501 1486 meum
531 1441 593 1505 pro
616 1420 712 1485 vobis
739 1419 772 1484 in
799 1419 863 1483 hoc
892 1417 1039 1503 periculo
1067 1419 1257 1486 constitutis
1282 1440 1391 1502 orare,

219 1526 277 1591 sed
307 1533 359 1589 est
387 1523 518 1590 abbatis
544 1523 727 1601 Cainnichi,
753 1522 859 1589 sancti
884 1522 953 1587 viri.
1010 1518 1097 1586 Mira
1121 1521 1270 1589 dicturus
1300 1540 1387 1590 sum.

220 1631 348 1695 Eadem
361 1628 442 1693 hora
453 1638 586 1693 sanctus
603 1627 825 1706 Cainnichus,¹
839 1628 872 1691 in
888 1647 949 1691 suo
964 1646 1162 1692 conversans
1175 1629 1391 1708 monasterio,

218 1735 308 1819 quod
326 1733 445 1798 Latine
462 1731 644 1816 Campulus
661 1733 761 1796 Bovis
777 1732 905 1810 dicitur,
917 1731 1049 1798 Scotice
1059 1752 1138 1797 vero
1150 1731 1384 1812 Ached-bon·

219 1837 345 1922 Spiritu
362 1835 528 1901 revelante
545 1835 679 1914 Sancto,
691 1834 915 1920 supradictam
928 1837 1033 1900 sancti
1046 1835 1221 1903 Columbae
1233 1837 1392 1903 interiore

218 1942 327 2007 cordis
342 1962 420 2006 aure
435 1960 551 2004 vocem
566 1940 736 2019 audierat;
759 1948 792 2003 et
808 1959 884 2003 cum
900 1937 986 2004 forte
1000 1949 1077 2023 post
1092 1959 1215 2005 nonam
1231 1941 1392 2025 coepisset

218 2047 335 2112 horam
355 2047 389 2110 in
405 2045 578 2110 refectorio
593 2044 758 2128 eulogiam
775 2043 934 2128 frangere,
949 2043 1040 2108 ocius
1055 2043 1177 2109 deserit
1192 2044 1392 2126 mensulam,

219 2171 352 2237 unoque
374 2151 408 2214 in
431 2152 517 2234 pede
540 2147 722 2213 inhaerente
744 2148 865 2227 calceo,
880 2157 914 2212 et
929 2147 1034 2212 altero
1054 2168 1115 2232 pro
1134 2148 1239 2214 nImia
1253 2147 1392 2215 festina-

218 2257 310 2322 tione
337 2254 460 2334 relicto,
482 2253 678 2319 festinanter
703 2254 812 2338 pergit
837 2252 900 2319 hac
923 2274 999 2319 curn
1022 2274 1104 2318 voce
1127 2256 1170 2320 ad
1193 2254 1392 2323 eeclesiam:

222 2359 299 2426 Non
315 2368 366 2425 est
381 2358 477 2424 nobls
493 2378 580 2423 nunc
601 2356 761 2442 temporis
784 2357 947 2442 prandere
961 2358 1097 2442 quando
1112 2356 1146 2423 in
1162 2358 1246 2425 marl
1260 2358 1392 2445 pericli·

219 2473 309 2530 tatur
324 2464 418 2528 navis
433 2463 538 2528 sancti
562 2462 744 2530 Columbae
791 2462 868 2527 Hoc
891 2463 980 2527 enim
1004 2472 1183 2543 momento,
1199 2463 1271 2549 ipse
1289 2465 1392 2551 hujtts

220 2590 342 2635 nomen
359 2567 532 2634 Cainnichi
550 2567 759 2650 ingeminans
775 2576 1023 2645 commemorat,
1038 2577 1076 2633 ut
1098 2588 1159 2652 pro
1179 2587 1220 2633 eo
1241 2576 1277 2633 et
1291 2570 1392 2635 sociis

219 2672 480 2760 periclitantibus
493 2672 661 2739 Christum
673 2681 798 2736 exoret
823 2673 903 2737 Post
914 2672 986 2736 haec
998 2672 1085 2738 iIIIus
1096 2672 1196 2737 verba
1207 2672 1391 2740 oratorium

221 2780 396 2863 ingressus,
418 2777 516 2841 flexis
538 2777 679 2861 genibus
701 2776 868 2861 paulisper
889 2777 996 2843 oravit
1008 2799 1017 2858 3
1045 2777 1184 2861 eiusque
1203 2778 1393 2845 orationem

221 2883 424 2948 exaudiente
446 2881 604 2960 Domino,
627 2881 716 2946 illico
741 2891 924 2965 tempestas
951 2882 1101 2961 cessavit,
1123 2889 1158 2947 et
1179 2900 1273 2947 mare
1292 2882 1395 2949 valde

220 2987 435 3073 tranquillum
474 2986 598 3050 factum
636 2994 695 3052 est
762 2986 851 3050 Turn
890 2987 1011 3051 deinde
1047 2996 1181 3052 sanctus
1214 2984 1392 3068 Columba,

222 3090 396 3158 Cainnichi
411 3091 454 3155 ad
471 3090 643 3155 ecclesiam
659 3092 926 3175 properationem
951 3092 983 3154 in
1000 3090 1116 3174 spiritu
1133 3089 1257 3171 videns,
1273 3112 1393 3175 quarn·

222 3197 302 3260 libet
318 3197 416 3279 longe
432 3197 664 3274 conversantis,
678 3196 870 3260 mirabiliter
886 3195 948 3259 hoc
965 3197 1007 3260 de
1023 3216 1107 3279 puro
1121 3207 1254 3279 pectore
1266 3197 1394 3280 profert

221 3301 367 3375 verbum,
383 3300 518 3362 dicens:
543 3298 640 3362 Nunc
656 3300 807 3380 cognovi,
823 3300 854 3364 O
871 3299 1060 3378 Cainniche,
1076 3301 1165 3382 quod
1187 3300 1282 3365 Deus
1297 3309 1392 3367 tuam

223 3404 409 3469 exaudierit
425 3423 556 3484 precem
571 3426 577 3481 ;
601 3423 688 3466 nunc
700 3404 797 3467 valde
810 3404 905 3467 nobis
921 3403 1050 3485 proficit
1066 3413 1143 3468 tuus
1158 3405 1200 3468 ad
1216 3404 1393 3472 ecclesiam

223 3507 322 3572 velox
335 3528 410 3571 cum
422 3527 490 3571 uno
502 3507 727 3572 calceamento
740 3529 861 3572 cursus
910 3509 947 3571 ln
962 3508 1023 3571 hoc
1037 3509 1149 3592 itaque
1159 3508 1218 3573 tali
1231 3510 1395 3576 miraculo

223 3612 402 3689 amborem,
419 3620 455 3675 ut
472 3612 644 3689 credimus,
659 3612 767 3676 oratio
782 3622 958 3695 cooperata
974 3622 1025 3677 est
1042 3613 1249 3679 Sanctorum.

627 3929 831 3996 CAPUT
870 3931 989 3996 XIV.

382 4086 434 4151 De
449 4085 565 4164 bacrrlo,
580 4084 616 4149 in
623 4095 731 4168 portu,
749 4085 865 4150 Sancti
881 4085 1063 4153 Car'nniclri1
1092 4087 1233 4172 neglecto.

223 4242 322 4306 Auo
341 4241 373 4305 in
391 4250 551 4322 tempore,
567 4238 655 4304 idem
679 4259 778 4321 supra
801 4249 1004 4304 memoratus
1027 4238 1229 4306 Cainnichus
1249 4261 1359 4322 suum,
1375 4267 1397 4311 a

255 4468 265 4496 Ι
390 4496 396 4509 ·
471 4459 476 4469 .

254 4461 328 4592 οἷς
344 4457 545 4598 IlclretllrImIsIla:
575 4539 819 4602 achethbou,Cott.
854 4539 1111 4609 Aghaboe,epatish
1125 4539 1152 4593 in
1169 4538 1404 4619 Quaen’sCounty.

221 4624 273 4676 and
283 4623 326 4679 the
337 4623 435 4675 diocese
446 4622 476 4673 of
484 4622 585 4686 orsory.
