3226 5520
218 493 279 558 140
502 474 649 542 VITA
689 474 996 542 II.-LIBER
1033 473 1091 541 11.

217 702 390 769 praepara;
412 703 494 748 mox
510 681 676 748 Dominus
690 693 827 748 ventum
843 688 1014 748 convertet
1028 679 1229 767 aquilonem
1261 680 1329 750 Cui
1343 681 1394 750 sic

216 789 347 873 prolato
361 788 450 853 beati
465 787 526 852 viri
539 788 642 852 verbo
662 789 780 852 eadem
796 789 878 852 hora
892 797 1004 853 auster
1017 787 1251 854 obsecundans
1267 797 1392 855 ventus

217 913 252 958 se
267 893 301 957 in
317 891 529 976 aquiloneum
545 893 708 956 convertit
725 891 859 972 flatum;
881 902 915 957 et
930 893 977 957 ita
992 893 1026 956 in
1041 893 1159 958 eadem
1174 893 1231 957 die
1245 903 1392 979 uterque

215 999 266 1062 vir
287 1008 430 1076 sanctus,
445 998 528 1061 alter
542 998 586 1061 ab
606 997 710 1061 altero
733 997 765 1060 in
789 1016 871 1080 pace
895 1016 1037 1074 aversus,
1059 996 1393 1063 Baitheneusmane

217 1104 260 1168 ad
277 1103 432 1167 Ethicam
448 1112 578 1180 terram,
595 1100 824 1168 Columbanus
839 1110 915 1184 post
931 1101 1102 1165 meridiem
1120 1100 1323 1166 Hiberniam
1339 1103 1391 1167 in·

217 1208 342 1290 cipiens
368 1217 534 1291 appetere,
556 1206 663 1291 plenis
689 1206 878 1289 enavigavit
903 1204 984 1270 velis
1006 1214 1041 1271 et
1062 1205 1195 1271 flatibus
1222 1210 1391 1274 secundis.

219 1312 295 1377 Hoc
312 1311 446 1376 illustris
461 1312 521 1375 viri
538 1312 659 1376 virtute
678 1311 876 1389 orationum,
891 1310 1041 1375 Domino
1055 1311 1212 1392 donante,
1227 1311 1390 1379 effectum

218 1424 269 1481 est
284 1415 478 1480 miraculum
487 1437 495 1495 3
513 1415 599 1498 quia,
615 1415 700 1480 sicut
714 1414 874 1498 scriptum
889 1423 959 1479 est:
982 1412 1107 1480 Omnia
1120 1414 1296 1499 possibilia
1310 1427 1391 1482 sunt

218 1519 372 1584 credenti.
419 1520 498 1584 Post
519 1517 576 1582 illa
594 1517 627 1582 in
643 1518 698 1583 die
712 1519 818 1583 sancti
834 1517 1034 1584 Columbani
1056 1538 1235 1602 egressum,
1249 1530 1391 1587 sanctus

217 1623 282 1688 hoc
292 1624 336 1688 de
351 1621 408 1687 illo
423 1623 652 1707 propheticum
670 1622 835 1689 Columba
850 1624 988 1707 protulit
1001 1623 1155 1691 verbum:
1176 1624 1241 1692 Vir
1250 1635 1391 1692 sanctus

219 1728 455 1807 Columbanus,
484 1728 537 1794 cui
574 1728 750 1812 emigranti
787 1729 1031 1809 benediximus,
1060 1749 1225 1813 nusquam
1257 1731 1295 1795 in
1324 1730 1391 1796 hoc

218 1833 341 1899 saeculo
356 1832 473 1898 faciem
484 1832 612 1898 videbit
627 1853 744 1898 meam.
776 1832 877 1917 Quod
894 1834 941 1898 ita
955 1842 1032 1917 post
1046 1833 1220 1918 expletum
1234 1843 1298 1915 est,
1309 1854 1390 1901 nam

219 1939 337 2004 eodem
353 1958 442 2004 anno
456 1946 592 2004 sanctus
607 1936 772 2004 Columba
787 1940 829 2003 ad
846 1938 1032 2005 Dominum
1047 1938 1185 2006 transiit

624 2341 825 2410 CAPUT
863 2342 983 2410 XVI.

298 2530 352 2597 De
366 2529 541 2616 repulsum
554 2530 723 2598 Damonis
735 2531 796 2617 qui
807 2531 843 2598 in
858 2531 993 2599 lactan’o
1006 2530 1161 2601 latitabat
1173 2533 1309 2604 vasula.

222 2719 320 2786 ALIO
335 2720 369 2784 in
384 2728 543 2805 tempore,
558 2720 695 2804 quidam
713 2721 853 2806 iuvenis,
869 2721 1097 2789 Columbanus
1112 2722 1256 2803 nomine,
1272 2723 1393 2810 Nepos

223 2825 337 2890 Briuni
352 2826 395 2889 ad
407 2825 546 2909 januam
558 2825 714 2910 tugurioli
730 2826 841 2892 subito
856 2826 1052 2910 perveniens
1064 2826 1192 2906 restitit,
1207 2826 1328 2912 inquo
1341 2829 1393 2895 vir

219 2930 337 2994 beatus
349 2928 520 2994 scribebat
553 2929 620 2994 Hic
632 2930 730 3008 idem,
742 2939 819 3014 post
827 2950 1002 2995 vaccarum
1015 2951 1163 2997 reversus
1178 2930 1391 3013 mulsionem,

221 3034 255 3099 in
267 3036 366 3099 dorso
378 3045 514 3118 portans
525 3033 695 3099 vasculum
708 3054 795 3099 novo
810 3034 946 3118 plenum
959 3035 1053 3115 lacte,
1064 3036 1146 3100 dicit
1157 3036 1201 3102 ad
1217 3036 1393 3117 Sanctum,

221 3149 259 3203 ut
271 3139 372 3222 juxta
385 3159 510 3203 morem
523 3139 590 3203 tale
606 3139 815 3204 benediceret
826 3160 917 3205 onus.
950 3140 1093 3206 Sanctus
1105 3152 1177 3206 tum
1189 3161 1234 3205 ex
1250 3143 1393 3208 adverso

222 3244 351 3307 eminus
378 3245 411 3306 in
439 3264 513 3307 aere
539 3243 683 3326 signum¹
709 3244 852 3307 salutare
879 3264 980 3309 manu
1005 3246 1135 3309 elevata
1159 3245 1317 3329 depinxit
1346 3257 1393 3313 ²et

222 3347 376 3411 invocato
404 3347 467 3410 Dei
496 3348 630 3411 nomine
652 3368 710 3410 vas
736 3346 931 3428 benedixit,³
959 3350 1049 3432 quod
1076 3349 1164 3414 illico
1186 3349 1285 3415 valde
1311 3372 1392 3416 con·

223 3471 356 3515 cussum
387 3460 446 3529 est,
476 3471 710 3534 gergennaque
743 3453 898 3536 operculi,
928 3474 987 3537 per
1019 3474 1080 3518 sua
1115 3453 1194 3518 bina
1227 3453 1393 3521 foramina

224 3565 359 3633 retrusa,
382 3555 513 3639 longius
545 3556 692 3638 projecta
721 3567 780 3632 est,
807 3558 999 3639 operculum
1030 3568 1116 3622 terra
1142 3568 1239 3622 tenus
1261 3560 1393 3638 cecidit,

223 3660 273 3722 lac
289 3680 333 3722 ex
350 3659 475 3742 majore
492 3680 645 3722 mensura
661 3661 693 3722 in
711 3660 817 3723 solum
834 3661 987 3725 delusum
1004 3671 1061 3726 est.
1107 3661 1308 3744 Juvenculus
1324 3685 1393 3741 vas,

223 3785 298 3828 cum
322 3785 424 3846 parvo
446 3767 534 3847 quod
559 3774 761 3827 remanserat
784 3765 886 3842 lactis,
902 3786 1000 3848 super
1023 3765 1163 3830 fundum
1184 3767 1217 3829 in
1233 3776 1321 3831 terra
1337 3769 1394 3833 de·

223 3868 327 3949 ponit,
339 3887 449 3949 genua
464 3867 657 3949 suppliciter
673 3867 782 3932 flectit.
828 3869 884 3932 Ad
902 3888 1001 3951 quem
1020 3869 1181 3933 Sanctus:
1204 3868 1319 3952 Surge,
1336 3872 1394 3959 ait,

225 3971 441 4047 Columbane,
451 3971 550 4035 hodie
561 3972 593 4034 in
605 3981 663 4034 tua
672 3973 864 4053 operatione
875 3973 1080 4056 negligenter
1089 3974 1392 4055 egisti,daemonem

224 4077 312 4139 enim
340 4077 372 4138 in
398 4075 501 4139 fundo
528 4076 623 4139 vacui
651 4075 837 4140 latitantem
860 4078 994 4155 vasculi,
1018 4079 1177 4159 impresso
1204 4077 1395 4142 Dominicae

224 4181 328 4243 crucis
354 4181 458 4262 signn,
475 4190 552 4243 ante
568 4180 766 4244 infusionem
790 4182 894 4258 lactis,
909 4202 976 4245 non
992 4180 1146 4264 effugasti
1162 4204 1170 4261 ;
1192 4182 1287 4264 cujus
1302 4183 1394 4247 vide·

223 4284 300 4349 licet
315 4285 401 4367 signi
419 4305 505 4348 nunc
527 4286 684 4349 virtutem
701 4306 767 4348 non
790 4287 966 4363 sustinens,
982 4285 1202 4363 tremefactus,
1218 4295 1291 4349 toto
1307 4288 1396 4369 pari-

252 4527 262 4554 ¹
276 4519 343 4568 That
355 4518 384 4578 is,
399 4519 441 4569 the
454 4518 509 4584 sign
520 4517 550 4569 of
558 4518 600 4570 the
613 4518 696 4571 Cross.

251 4613 285 4652 es
302 4601 332 4653 B.
348 4601 416 4653 Cott.
