3226 5520
213 641 272 691 102
514 620 660 690 VITA
699 620 1001 690 lI.—L1BER
1040 622 1067 688 1.

578 1012 776 1080 CAPUT
814 1012 1003 1079 XXVII.

228 1220 281 1285 De
301 1220 410 1303 aliquo
431 1220 612 1285 miserabili
631 1220 712 1297 viro,
733 1220 792 1303 qui
811 1221 900 1285 ultra
921 1218 1142 1304 supradi’ctum
1163 1217 1353 1284 clamitabat

687 1336 694 1349 ·
716 1325 853 1406 fretum.

207 1493 375 1578 QUADAM
390 1516 523 1578 quoque
537 1496 602 1573 die,
616 1497 795 1579 quemdam
808 1496 894 1560 ultra
910 1495 1029 1561 fretum
1045 1495 1184 1560 audiens
1198 1494 1374 1559 clamitan-

206 1608 284 1674 tem,
300 1597 444 1663 Sanctus
466 1598 529 1661 hoc
555 1598 704 1681 profatur
729 1599 850 1662 modo:
873 1597 983 1663 Valde
1009 1598 1216 1662 miserandus
1240 1606 1291 1662 est
1315 1595 1375 1661 ille

205 1702 380 1766 clamitans
395 1702 504 1779 homo,
520 1704 585 1785 qui,
601 1702 712 1786 aliqua
727 1704 769 1767 ad
785 1703 931 1767 canalia
949 1702 1194 1767 medicamenta
1208 1701 1375 1784 petiturus

204 1806 412 1888 pertinentia,
421 1806 464 1870 ad
475 1826 535 1869 nos
545 1805 653 1871 venit:
676 1807 728 1869 cui
740 1807 958 1889 opportunius
970 1816 1041 1870 erat
1051 1825 1163 1870 veram
1174 1806 1217 1869 de
1225 1805 1374 1887 peccatis

206 1908 305 1972 hodie
334 1909 576 1990 poenitudinem
607 1929 742 1992 gerere3
766 1928 843 1972 nam
874 1908 1031 1992 inhujus
1061 1906 1126 1972 fine
1151 1907 1375 1973 hebdomadis

206 2012 370 2078 morietur.
429 2011 530 2096 Quod
559 2013 695 2078 verbum
726 2013 782 2096 qui
813 2014 943 2077 inerant
972 2021 1153 2096 praesentes
1181 2010 1375 2077 advenienti

207 2116 327 2180 misero
363 2117 564 2182 intimavere.
628 2116 695 2182 Sed
734 2116 789 2180 ille
826 2117 1078 2200 parvipendens,
1115 2115 1260 2198 acceptis
1294 2134 1375 2196 quae

204 2230 411 2303 poposcerat,
433 2221 529 2286 citius
552 2221 706 2299 recessit;
731 2230 774 2300 et,
796 2222 978 2286 secundum
1002 2219 1118 2287 Sancti
1141 2217 1374 2304 propheticum

205 2324 351 2404 verbum,
366 2334 445 2390 ante
460 2322 560 2388 finem
576 2325 725 2408 ejusdem
742 2324 937 2407 septimanae
954 2332 1104 2389 mortuus
1118 2333 1176 2389 est

556 2745 759 2812 CAPUT
797 2745 1014 2810 XXVIII.

206 2934 258 2998 De
279 2933 425 2997 Romani
433 2934 529 3017 J'uris
549 2934 699 2997 civitate¹
722 2933 796 3015 igni
818 2934 963 3014 sulsmeo
984 2933 1105 2997 celitus
1120 2934 1271 3017 prolapso
1291 2955 1376 2998 corn-

528 3039 621 3102 busta
644 3038 763 3102 Sancti
792 3037 867 3102 Viri
878 3038 1055 3122 prophetia.

206 3227 303 3292 ALIO
319 3227 434 3291 itidem
451 3227 483 3290 in
500 3235 658 3309 tempore,
675 3226 832 3308 Lugbeus
848 3236 949 3310 gente
965 3227 1148 3303 Mocumin,
1163 3226 1257 3309 cujus
1273 3246 1376 3309 supra

205 3332 408 3395 mentionem
439 3331 585 3408 fecimus,
615 3331 759 3413 quadam
790 3332 832 3395 ad
865 3331 1025 3396 Sanctum
1057 3331 1112 3394 die
1137 3341 1212 3413 post
1240 3330 1375 3412 frugum

204 3435 340 3497 veniens
363 3435 614 3510 triturationem,
638 3434 729 3498 nullo
753 3435 854 3498 modo
878 3435 949 3517 ejus
972 3434 1233 3499 faeiem'intueri
1254 3435 1377 3517 potuit,

206 3540 290 3602 miro
308 3537 514 3621 superfusam
539 3539 680 3617 rubore;
701 3538 865 3619 valdeque
888 3539 1124 3620 pertimescens
1146 3539 1214 3601 cito
1235 3537 1375 3620 aufugit.

206 3641 316 3724 Quem
349 3643 492 3708 Sanctus
515 3642 694 3726 complosis
724 3642 896 3725 paululum
928 3642 1080 3706 manibus
1111 3650 1251 3705 revocat
1305 3638 1376 3723 Qui

205 3766 362 3823 reversus,
377 3767 397 3809 a
414 3747 539 3812 Sancto
554 3747 666 3810 statim
684 3747 915 3829 interrogatus,
927 3767 985 3810 cur
999 3747 1090 3810 ocius
1105 3745 1297 3829 aufugisset,
1309 3745 1376 3809 hoc

204 3851 298 3914 dedit
322 3870 538 3932 responsum:
572 3851 654 3914 Ideo
679 3851 757 3932 fugi,
780 3852 859 3933 quia
890 3851 988 3913 nimis
1012 3851 1175 3933 pertimui.
1221 3849 1267 3913 Et
1296 3858 1376 3931 post

205 3953 339 4037 aliquod
356 3955 524 4018 modicum
538 3953 757 4031 intervallum,
770 3952 954 4018 fiducialius
969 3973 1081 4036 agens,
1094 3954 1195 4017 audet
1210 3951 1374 4017 Sanctum

204 4056 415 4137 interrogare,
440 4057 610 4137 inquiens:
644 4055 816 4137 Numquid
841 4057 902 4120 hac
927 4058 961 4119 in
985 4056 1067 4119 hora
1092 4055 1204 4138 aliqua
1226 4054 1286 4118 tibi
1309 4053 1375 4118 for-

205 4159 371 4223 midabilis
386 4169 520 4222 ostensa
534 4160 617 4223 visio
632 4165 708 4223 est?
753 4160 815 4225 Cui
835 4161 979 4226 Sanctus
1000 4160 1101 4224 talem
1123 4159 1216 4224 dedit
1239 4177 1377 4240 respon-

204 4265 352 4326 sionem:
375 4263 461 4326 Tam
478 4261 618 4326 terrifica
634 4263 717 4327 ultio
729 4283 817 4327 nunc
833 4265 865 4326 in
883 4274 1011 4328 remota
1026 4263 1114 4327 orbis
1130 4270 1224 4346 parte
1240 4269 1377 4345 peracta

205 4377 263 4430 est.
317 4366 444 4451 Qualis,
471 4368 517 4431 ait
542 4367 682 4450 juvenis,
709 4369 863 4447 vindicta,
890 4380 923 4433 et
950 4370 983 4431 in
1010 4388 1076 4451 qua
1103 4368 1236 4451 regione
1263 4365 1376 4431 facta?

238 4649 248 4676 ¹
263 4635 319 4685 The
336 4635 386 4700 city
404 4635 434 4685 of
452 4634 578 4697 Almoniu
601 4652 659 4687 now
675 4636 818 4698 Citienove,
837 4653 870 4688 on
889 4638 931 4688 the
950 4639 1025 4689 north
1042 4638 1072 4688 of
1087 4639 1131 4689 the
1147 4638 1211 4689 river
1227 4637 1329 4701 Quieto,
1349 4637 1377 4688 in

206 4717 286 4766 Istria.
