3232 5506
619 501 931 569 COLUMBAE.
1294 513 1356 580 207

195 707 372 790 explentur
401 708 575 792 exequiae.⁵
633 708 763 792 Quibus
794 710 826 772 in
862 709 926 772 Dei
957 708 1081 791 sapidis
1114 706 1268 771 laudibus
1298 717 1360 771 ter·

194 811 335 889 minatis,
365 814 471 877 sancti
501 822 535 876 et
564 813 652 877 beati
684 813 814 896 patroni
853 812 1038 876 venerabile
1069 832 1196 895 corpus,
1228 811 1360 874 mundis

195 914 379 979 involutum
410 917 613 994 sindonibus
640 927 673 980 et
704 926 889 1000 praeparata
919 917 1063 1000 positum
1094 917 1127 980 in
1158 914 1356 993 ratabusta,⁶

195 1019 307 1082 debita
337 1021 494 1084 humatur
522 1041 597 1085 cum
628 1022 848 1100 veneratione,
879 1021 912 1083 ln
951 1021 1114 1085 luminosa
1144 1029 1177 1084 et
1214 1019 1361 1083 aeternali

195 1134 450 1187 resurrecturum
467 1125 668 1190 claritudine.

239 1226 292 1290 De
319 1248 418 1310 supra
446 1229 636 1292 memoratis
666 1250 745 1312 ergo
772 1229 875 1293 tribus
905 1228 969 1292 illis
998 1228 1215 1312 exequiarum
1245 1226 1362 1291 diebus

196 1351 286 1393 more
310 1332 450 1413 peractis
475 1333 704 1410 ecclesiastic0,
727 1334 816 1415 quod
842 1333 937 1396 nobis
960 1332 1003 1396 ab
1029 1332 1176 1415 expertis
1202 1331 1361 1394 traditum

194 1444 253 1511 est,
280 1435 378 1518 hujus
408 1457 512 1519 prope
543 1434 640 1499 finem
672 1436 877 1500 enarrabitur
903 1436 984 1499 libri.
1040 1436 1187 1520 Quidam
1219 1455 1362 1516 namque

194 1539 374 1622 aliquando
396 1561 481 1605 unus
504 1542 546 1604 de
569 1540 722 1604 sratribus
743 1561 854 1604 coram
877 1539 1055 1604 venerabili
1078 1540 1148 1603 viro
1171 1538 1363 1622 simpliciter

195 1642 355 1725 loquens:
386 1643 442 1707 Ad
470 1644 692 1723 celebrandas,
719 1644 766 1707 ait
792 1646 834 1708 ad
863 1644 1033 1720 Sanctum,
1060 1652 1143 1720 tuas,
1166 1653 1240 1726 post
1267 1653 1360 1705 tuum

193 1745 322 1810 obitum
359 1746 527 1829 exequias,
564 1755 602 1810 ut
646 1755 790 1830 putatur,
826 1755 916 1810 totus
957 1746 1073 1809 harum
1119 1744 1361 1828 provinciarum

195 1849 338 1933 populus
374 1849 460 1914 hanc
500 1851 616 1914 Ionam
655 1851 821 1934 remigans
866 1849 1006 1934 replebit
1050 1849 1200 1913 insulam.
1261 1847 1361 1931 Quod

195 1955 331 2018 verbum
347 1955 486 2019 audiens
503 1954 646 2020 Sanctus
666 1964 906 2038 consequenter
920 1955 986 2019 ait:
1010 1953 1041 2019 Ο
1059 1955 1104 2018 mi
1120 1952 1227 2029 filiole,
1243 1972 1309 2015 non
1325 1961 1364 2016 ut

196 2056 339 2140 loqueris
369 2059 416 2122 sic
447 2080 498 2122 res
535 2059 697 2142 probabit,
728 2079 805 2123 nam
843 2060 1065 2142 promiscuum
1100 2057 1214 2141 populi
1243 2056 1363 2139 vulgus

196 2161 288 2225 nullo
326 2165 427 2227 modo
465 2164 507 2227 ad
546 2183 637 2227 meas
674 2165 796 2247 poterit
832 2163 991 2246 exequias
1028 2163 1159 2240 venire3
1201 2162 1264 2225 mei
1302 2161 1363 2224 soli

195 2266 374 2329 familiares
390 2267 544 2330 monachi
566 2288 640 2331 mea
663 2267 858 2350 sepulcralia
880 2266 1104 2350 complebunt,
1119 2277 1153 2331 et
1175 2265 1364 2349 exequialia

195 2370 419 2433 honestabunt
442 2369 558 2434 officia.
604 2369 704 2452 Quod
732 2371 867 2434 verbum
893 2370 965 2453 ejus
990 2371 1228 2452 propheticum,
1249 2370 1362 2433 statim

196 2484 271 2557 post
288 2475 462 2538 transitum
480 2475 590 2557 ipsius,
605 2475 848 2558 omnipotentia
870 2475 935 2538 Dei
951 2474 1123 2557 adimpleri
1141 2474 1226 2538 fecit
1273 2474 1362 2536 Nam

197 2598 255 2660 per
271 2587 336 2640 tres
352 2576 424 2640 illas
440 2577 631 2659 exequiales
646 2577 718 2641 dies
733 2587 767 2642 et
783 2588 905 2653 noctes,
917 2578 1051 2659 grandis
1067 2577 1137 2640 sine
1152 2577 1264 2660 pluvia
1276 2574 1363 2639 sacta

194 2691 245 2744 est
275 2689 413 2744 ventosa
443 2690 633 2763 tempestas,
662 2702 728 2764 qua
759 2680 887 2745 sortiter
916 2681 1120 2764 prohibente,
1148 2679 1257 2743 nullus
1286 2679 1364 2742 hinc

194 2785 270 2850 inde
292 2785 451 2849 navicella
473 2796 587 2848 vectus
612 2785 822 2849 transfretare
844 2795 982 2868 poterat
1041 2787 1086 2848 Et
1109 2792 1186 2867 post
1209 2803 1361 2847 consum-

196 2899 321 2953 matam
345 2887 433 2951 beati
457 2888 676 2971 sepultionem
701 2889 759 2951 viri
783 2889 941 2951 continuo
964 2897 1162 2970 tempestate
1185 2889 1309 2963 sedata,
1329 2896 1364 2951 et

196 3003 345 3057 cessante
361 3000 469 3070 vent0,
485 3001 592 3056 totum
610 2992 859 3075 tranquillatum
876 3002 925 3055 est
941 3012 1058 3074 aequor.

241 3096 428 3179 Perpendat
454 3096 565 3179 itaque
581 3095 683 3159 lector
698 3096 813 3178 quanti
829 3105 863 3159 et
878 3095 985 3178 qualis
1008 3096 1095 3177 apud
1114 3095 1224 3158 Deum
1243 3094 1362 3178 praedi-

196 3200 310 3263 cabilis
324 3210 481 3283 patronus
493 3198 627 3262 honoris
639 3199 809 3276 habeatur,
820 3199 872 3262 cui
886 3199 1066 3281 aliquando
1078 3199 1219 3261 incarne
1231 3198 1362 3261 mortali

196 3305 402 3367 conversanti
429 3304 504 3366 Deo
526 3303 695 3385 dignante,
710 3302 826 3380 oranti,
842 3311 1058 3385 tempestates
1080 3302 1206 3365 sedatae
1230 3312 1315 3379 sunt,
1330 3310 1363 3365 et

198 3407 301 3469 maria
328 3405 563 3489 tranquillata;
588 3414 622 3469 et
649 3426 767 3484 rursus,
793 3408 928 3489 quando
956 3427 1088 3470 necesse
1114 3405 1239 3484 habuit,
1265 3426 1365 3489 supra

196 3520 380 3573 memorata
408 3510 590 3588 occasione,
612 3519 685 3573 orta
711 3510 846 3574 flamina
868 3520 1052 3589 ventorum,
1067 3519 1102 3574 et
1124 3521 1270 3588 ventosa,
1285 3531 1361 3574 cum

196 3615 309 3691 voluit,
331 3616 461 3677 concita
491 3623 568 3678 sunt
598 3634 740 3697 aequora,
771 3635 846 3698 quae
876 3616 1122 3698 subsequenter,
1149 3624 1187 3678 ut
1216 3616 1365 3699 superius

196 3718 321 3782 dictum
338 3728 397 3797 est,
409 3718 553 3800 expletis
568 3719 639 3800 ejus
655 3718 834 3802 sepulturae
851 3720 1047 3798 ministeriis,
1062 3721 1095 3783 in
1112 3739 1268 3804 magnam
1285 3738 1362 3783 con·

195 3843 289 3886 versa
305 3833 383 3886 sunt
398 3821 679 3905 tranquillitatem.

242 3925 308 3988 Hic
321 3926 434 4007 itaque
450 3936 562 3989 nostro
577 3925 780 4008 praedicabili
797 3935 939 4009 patrono
954 3926 1031 3990 vitae
1043 3927 1202 3989 terminus
1218 3926 1288 4003 suit,
1299 3925 1364 3990 ista

196 4030 387 4093 meritorum
414 4031 575 4108 exordia;
605 4031 671 4112 qui,
697 4032 878 4094 secundum
903 4031 1083 4093 sententias
1111 4030 1364 4112 Scripturarum,

196 4134 328 4197 aeternis
338 4153 449 4197 comes
460 4135 644 4217 triumphis,
654 4135 806 4198 Patribus
816 4133 1137 4217 additus‚Apostolis
1146 4144 1181 4197 et
1190 4133 1364 4216 Prophetis

228 4415 240 4452 5
255 4404 291 4452 St.
308 4402 428 4453 Patriclr's
439 4420 480 4453 are
492 4403 544 4452 said
559 4412 585 4453 to
595 4404 659 4454 have
671 4403 750 4454 lasted
763 4402 852 4454 twelve
862 4402 931 4468 days,
945 4402 995 4452 and
1008 4403 1045 4454 St.
1057 4401 1162 4454 Senan's
1170 4401 1246 4467 eight.
1284 4403 1366 4453 Seven

198 4484 262 4548 days
276 4502 325 4534 was
337 4485 379 4535 the
391 4501 472 4550 pagan
485 4486 597 4536 number.

232 4584 245 4623 ⁶
265 4585 388 4649 Prolably
400 4602 415 4634 a
425 4585 506 4635 coffin.
