<?xml version="1.0" encoding="UTF-8"?>
<!DOCTYPE html PUBLIC "-//W3C//DTD XHTML 1.0 Transitional//EN"
    "http://www.w3.org/TR/xhtml1/DTD/xhtml1-transitional.dtd">
<html xmlns="http://www.w3.org/1999/xhtml" xml:lang="en" lang="en">
 <head>
  <title>
</title>
<meta http-equiv="Content-Type" content="text/html;charset=utf-8" />
  <meta name='ocr-system' content='tesseract 3.04.00' />
  <meta name='ocr-capabilities' content='ocr_page ocr_carea ocr_par ocr_line ocrx_word'/>
</head>
<body>
  <div class='ocr_page' id='page_1' title='image "./pinkertonslives00pinkgoog_0235.png"; bbox 0 0 3226 5520; ppageno 0'>
   <div class='ocr_carea' id='block_1_1' title="bbox 220 488 1089 574">
    <p class='ocr_par' dir='ltr' id='par_1_1' title="bbox 220 488 1089 574">
     <span class='ocr_line' id='line_1_1' title="bbox 220 488 1089 574; baseline -0.003 -15"><span class='ocrx_word' id='word_1_1' title='bbox 220 508 281 574; x_wconf 92' lang='lat'>174</span> <span class='ocrx_word' id='word_1_2' title='bbox 504 491 650 558; x_wconf 88' lang='lat' dir='ltr'>VITA</span> <span class='ocrx_word' id='word_1_3' title='bbox 690 489 994 556; x_wconf 90' lang='lat' dir='ltr'>ll.-LIBER</span> <span class='ocrx_word' id='word_1_4' title='bbox 1031 488 1089 556; x_wconf 90' lang='lat'>11.</span> 
     </span>
    </p>
   </div>
   <div class='ocr_carea' id='block_1_2' title="bbox 215 692 1396 988">
    <p class='ocr_par' dir='ltr' id='par_1_2' title="bbox 215 692 1396 988">
     <span class='ocr_line' id='line_1_2' title="bbox 215 692 1395 778; baseline -0.003 -20"><span class='ocrx_word' id='word_1_5' title='bbox 215 697 441 778; x_wconf 91' lang='lat' dir='ltr'>supradictum</span> <span class='ocrx_word' id='word_1_6' title='bbox 465 704 523 774; x_wconf 88' lang='lat' dir='ltr'>est,</span> <span class='ocrx_word' id='word_1_7' title='bbox 547 697 589 760; x_wconf 92' lang='lat' dir='ltr'>de</span> <span class='ocrx_word' id='word_1_8' title='bbox 612 695 735 762; x_wconf 89' lang='lat' dir='ltr'>Sainea</span> <span class='ocrx_word' id='word_1_9' title='bbox 756 696 872 772; x_wconf 88' lang='lat' dir='ltr'>insula,</span> <span class='ocrx_word' id='word_1_10' title='bbox 895 693 1027 777; x_wconf 88' lang='lat' dir='ltr'>longius</span> <span class='ocrx_word' id='word_1_11' title='bbox 1047 694 1120 771; x_wconf 84' lang='lat' dir='ltr'>sita,</span> <span class='ocrx_word' id='word_1_12' title='bbox 1139 692 1395 776; x_wconf 81' lang='lat' dir='ltr'>emigravimus</span> 
     </span>
     <span class='ocr_line' id='line_1_3' title="bbox 219 794 1396 884; baseline -0.003 -21"><span class='ocrx_word' id='word_1_13' title='bbox 219 800 330 883; x_wconf 91' lang='lat' dir='ltr'>Hujus</span> <span class='ocrx_word' id='word_1_14' title='bbox 350 820 429 884; x_wconf 89' lang='lat' dir='ltr'>ergo</span> <span class='ocrx_word' id='word_1_15' title='bbox 450 800 630 883; x_wconf 86' lang='lat' dir='ltr'>praemissae</span> <span class='ocrx_word' id='word_1_16' title='bbox 654 800 850 864; x_wconf 86' lang='lat' dir='ltr'>narrationis</span> <span class='ocrx_word' id='word_1_17' title='bbox 873 808 984 877; x_wconf 88' lang='lat' dir='ltr'>testes,</span> <span class='ocrx_word' id='word_1_18' title='bbox 999 817 1066 863; x_wconf 90' lang='lat' dir='ltr'>non</span> <span class='ocrx_word' id='word_1_19' title='bbox 1088 796 1158 862; x_wconf 90' lang='lat' dir='ltr'>bini</span> <span class='ocrx_word' id='word_1_20' title='bbox 1181 804 1319 862; x_wconf 90' lang='lat' dir='ltr'>tantum</span> <span class='ocrx_word' id='word_1_21' title='bbox 1338 794 1396 861; x_wconf 91' lang='lat' dir='ltr'>vel</span> 
     </span>
     <span class='ocr_line' id='line_1_4' title="bbox 216 901 1363 988; baseline -0.001 -21"><span class='ocrx_word' id='word_1_22' title='bbox 216 905 309 980; x_wconf 89' lang='lat' dir='ltr'>terni,</span> <span class='ocrx_word' id='word_1_23' title='bbox 324 905 506 968; x_wconf 90' lang='lat' dir='ltr'>secundum</span> <span class='ocrx_word' id='word_1_24' title='bbox 524 903 640 988; x_wconf 89' lang='lat' dir='ltr'>legem,</span> <span class='ocrx_word' id='word_1_25' title='bbox 656 905 715 969; x_wconf 89' lang='lat' dir='ltr'>sed</span> <span class='ocrx_word' id='word_1_26' title='bbox 731 905 862 970; x_wconf 89' lang='lat' dir='ltr'>centeni</span> <span class='ocrx_word' id='word_1_27' title='bbox 878 914 912 968; x_wconf 88' lang='lat' dir='ltr'>et</span> <span class='ocrx_word' id='word_1_28' title='bbox 927 903 1070 987; x_wconf 87' lang='lat' dir='ltr'>amplius</span> <span class='ocrx_word' id='word_1_29' title='bbox 1084 901 1195 967; x_wconf 84' lang='lat' dir='ltr'>adhuc</span> <span class='ocrx_word' id='word_1_30' title='bbox 1209 909 1363 966; x_wconf 76' lang='lat' dir='ltr'>exstant„</span> 
     </span>
    </p>
   </div>
   <div class='ocr_carea' id='block_1_3' title="bbox 598 1222 1010 1463">
    <p class='ocr_par' dir='ltr' id='par_1_3' title="bbox 598 1222 1010 1463">
     <span class='ocr_line' id='line_1_5' title="bbox 598 1222 1010 1291; baseline -0.005 0"><span class='ocrx_word' id='word_1_31' title='bbox 598 1223 802 1291; x_wconf 86' lang='lat' dir='ltr'><strong>CAPUT</strong></span> <span class='ocrx_word' id='word_1_32' title='bbox 841 1222 1010 1289; x_wconf 89' lang='lat' dir='ltr'><strong>XLVI.</strong></span> 
     </span>
     <span class='ocr_line' id='line_1_6' title="bbox 658 1399 939 1463; baseline -0.004 -1"><span class='ocrx_word' id='word_1_33' title='bbox 658 1399 939 1463; x_wconf 83' lang='lat' dir='ltr'>DeMortalitate.</span> 
     </span>
    </p>
   </div>
   <div class='ocr_carea' id='block_1_4' title="bbox 216 1574 1396 3944">
    <p class='ocr_par' dir='ltr' id='par_1_4' title="bbox 216 1574 1396 3944">
     <span class='ocr_line' id='line_1_7' title="bbox 218 1574 1396 1654; baseline 0.002 -16"><span class='ocrx_word' id='word_1_34' title='bbox 218 1575 273 1639; x_wconf 81' lang='lat' dir='ltr'>ET</span> <span class='ocrx_word' id='word_1_35' title='bbox 288 1574 350 1639; x_wconf 92' lang='lat' dir='ltr'>hoc</span> <span class='ocrx_word' id='word_1_36' title='bbox 365 1575 475 1654; x_wconf 81' lang='lat' dir='ltr'>etiarn,</span> <span class='ocrx_word' id='word_1_37' title='bbox 491 1585 528 1639; x_wconf 95' lang='lat' dir='ltr'>ut</span> <span class='ocrx_word' id='word_1_38' title='bbox 543 1575 684 1652; x_wconf 88' lang='lat' dir='ltr'>aestimo,</span> <span class='ocrx_word' id='word_1_39' title='bbox 701 1596 767 1639; x_wconf 90' lang='lat' dir='ltr'>non</span> <span class='ocrx_word' id='word_1_40' title='bbox 789 1577 875 1639; x_wconf 91' lang='lat' dir='ltr'>inter</span> <span class='ocrx_word' id='word_1_41' title='bbox 899 1575 1034 1653; x_wconf 91' lang='lat' dir='ltr'>minora,</span> <span class='ocrx_word' id='word_1_42' title='bbox 1048 1575 1209 1639; x_wconf 91' lang='lat' dir='ltr'>virtutum</span> <span class='ocrx_word' id='word_1_43' title='bbox 1226 1576 1396 1640; x_wconf 89' lang='lat' dir='ltr'>miracula</span> 
     </span>
     <span class='ocr_line' id='line_1_8' title="bbox 217 1678 1395 1764; baseline 0.001 -22"><span class='ocrx_word' id='word_1_44' title='bbox 217 1681 524 1743; x_wconf 89' lang='lat' dir='ltr'>connumerandum</span> <span class='ocrx_word' id='word_1_45' title='bbox 535 1680 666 1744; x_wconf 89' lang='lat' dir='ltr'>videtur</span> <span class='ocrx_word' id='word_1_46' title='bbox 676 1680 717 1743; x_wconf 88' lang='lat' dir='ltr'>de</span> <span class='ocrx_word' id='word_1_47' title='bbox 728 1678 949 1756; x_wconf 90' lang='lat' dir='ltr'>mortalitate,¹</span> <span class='ocrx_word' id='word_1_48' title='bbox 964 1699 1040 1762; x_wconf 90' lang='lat' dir='ltr'>quae</span> <span class='ocrx_word' id='word_1_49' title='bbox 1050 1680 1169 1743; x_wconf 88' lang='lat' dir='ltr'>nostris</span> <span class='ocrx_word' id='word_1_50' title='bbox 1179 1680 1395 1764; x_wconf 83' lang='lat' dir='ltr'>temporibus</span> 
     </span>
     <span class='ocr_line' id='line_1_9' title="bbox 217 1783 1395 1866; baseline 0.002 -19"><span class='ocrx_word' id='word_1_51' title='bbox 217 1795 377 1848; x_wconf 89' lang='lat' dir='ltr'>terrarum</span> <span class='ocrx_word' id='word_1_52' title='bbox 401 1785 516 1848; x_wconf 92' lang='lat' dir='ltr'>orbem</span> <span class='ocrx_word' id='word_1_53' title='bbox 540 1784 591 1848; x_wconf 90' lang='lat' dir='ltr'>bis</span> <span class='ocrx_word' id='word_1_54' title='bbox 613 1803 658 1848; x_wconf 90' lang='lat' dir='ltr'>ex</span> <span class='ocrx_word' id='word_1_55' title='bbox 682 1792 775 1866; x_wconf 90' lang='lat' dir='ltr'>parte</span> <span class='ocrx_word' id='word_1_56' title='bbox 794 1793 984 1847; x_wconf 86' lang='lat' dir='ltr'><strong>vastaverat</strong></span> <span class='ocrx_word' id='word_1_57' title='bbox 1006 1783 1139 1866; x_wconf 83' lang='lat' dir='ltr'>majore</span> <span class='ocrx_word' id='word_1_58' title='bbox 1186 1783 1278 1848; x_wconf 90' lang='lat' dir='ltr'>Nam</span> <span class='ocrx_word' id='word_1_59' title='bbox 1294 1794 1334 1849; x_wconf 89' lang='lat' dir='ltr'>ut</span> <span class='ocrx_word' id='word_1_60' title='bbox 1348 1785 1395 1849; x_wconf 89' lang='lat' dir='ltr'>de</span> 
     </span>
     <span class='ocr_line' id='line_1_10' title="bbox 218 1886 1393 1970; baseline 0.002 -19"><span class='ocrx_word' id='word_1_61' title='bbox 218 1889 344 1952; x_wconf 86' lang='lat' dir='ltr'>caeteris</span> <span class='ocrx_word' id='word_1_62' title='bbox 359 1898 489 1952; x_wconf 91' lang='lat' dir='ltr'>taceam</span> <span class='ocrx_word' id='word_1_63' title='bbox 513 1887 683 1951; x_wconf 90' lang='lat' dir='ltr'>latioribus</span> <span class='ocrx_word' id='word_1_64' title='bbox 709 1889 853 1970; x_wconf 67' lang='lat' dir='ltr'>Europae</span> <span class='ocrx_word' id='word_1_65' title='bbox 871 1888 1147 1970; x_wconf 86' lang='lat' dir='ltr'>regionibus,th</span> <span class='ocrx_word' id='word_1_66' title='bbox 1161 1899 1222 1967; x_wconf 90' lang='lat' dir='ltr'>est,</span> <span class='ocrx_word' id='word_1_67' title='bbox 1240 1886 1342 1953; x_wconf 91' lang='lat' dir='ltr'>Italia</span> <span class='ocrx_word' id='word_1_68' title='bbox 1357 1899 1393 1953; x_wconf 90' lang='lat' dir='ltr'>et</span> 
     </span>
     <span class='ocr_line' id='line_1_11' title="bbox 217 1990 1393 2077; baseline 0.002 -23"><span class='ocrx_word' id='word_1_69' title='bbox 217 1993 289 2075; x_wconf 91' lang='lat' dir='ltr'>ipsa</span> <span class='ocrx_word' id='word_1_70' title='bbox 306 1992 460 2056; x_wconf 89' lang='lat' dir='ltr'>Romana</span> <span class='ocrx_word' id='word_1_71' title='bbox 475 1992 617 2069; x_wconf 89' lang='lat' dir='ltr'>civitate,</span> <span class='ocrx_word' id='word_1_72' title='bbox 634 2001 667 2055; x_wconf 88' lang='lat' dir='ltr'>et</span> <span class='ocrx_word' id='word_1_73' title='bbox 691 1991 869 2074; x_wconf 88' lang='lat' dir='ltr'>Cisalpinis</span> <span class='ocrx_word' id='word_1_74' title='bbox 892 1990 1075 2056; x_wconf 90' lang='lat' dir='ltr'>Galliarum</span> <span class='ocrx_word' id='word_1_75' title='bbox 1097 1993 1284 2077; x_wconf 92' lang='lat' dir='ltr'>provinciis,</span> <span class='ocrx_word' id='word_1_76' title='bbox 1309 1993 1393 2057; x_wconf 87' lang='lat' dir='ltr'>His·</span> 
     </span>
     <span class='ocr_line' id='line_1_12' title="bbox 217 2096 1392 2180; baseline 0.001 -21"><span class='ocrx_word' id='word_1_77' title='bbox 217 2099 313 2179; x_wconf 90' lang='lat' dir='ltr'>panis</span> <span class='ocrx_word' id='word_1_78' title='bbox 335 2118 467 2180; x_wconf 89' lang='lat' dir='ltr'>quoque</span> <span class='ocrx_word' id='word_1_79' title='bbox 493 2097 634 2178; x_wconf 84' lang='lat' dir='ltr'>Pyrinaei</span> <span class='ocrx_word' id='word_1_80' title='bbox 660 2098 781 2159; x_wconf 88' lang='lat' dir='ltr'>montis</span> <span class='ocrx_word' id='word_1_81' title='bbox 805 2096 978 2178; x_wconf 88' lang='lat' dir='ltr'>interjectu</span> <span class='ocrx_word' id='word_1_82' title='bbox 1001 2096 1249 2174; x_wconf 86' lang='lat' dir='ltr'>disterminatis,</span> <span class='ocrx_word' id='word_1_83' title='bbox 1271 2099 1392 2160; x_wconf 87' lang='lat' dir='ltr'>oceani</span> 
     </span>
     <span class='ocr_line' id='line_1_13' title="bbox 217 2198 1392 2282; baseline -0.001 -19"><span class='ocrx_word' id='word_1_84' title='bbox 217 2201 333 2263; x_wconf 86' lang='lat' dir='ltr'>insulae</span> <span class='ocrx_word' id='word_1_85' title='bbox 357 2221 415 2282; x_wconf 93' lang='lat' dir='ltr'>per</span> <span class='ocrx_word' id='word_1_86' title='bbox 438 2209 555 2275; x_wconf 90' lang='lat' dir='ltr'>toturn,</span> <span class='ocrx_word' id='word_1_87' title='bbox 576 2198 738 2273; x_wconf 89' lang='lat' dir='ltr'>videlicet,</span> <span class='ocrx_word' id='word_1_88' title='bbox 755 2199 880 2263; x_wconf 85' lang='lat' dir='ltr'>Scotia²</span> <span class='ocrx_word' id='word_1_89' title='bbox 894 2209 927 2264; x_wconf 93' lang='lat' dir='ltr'>et</span> <span class='ocrx_word' id='word_1_90' title='bbox 952 2200 1132 2277; x_wconf 85' lang='lat' dir='ltr'>Britannia,</span> <span class='ocrx_word' id='word_1_91' title='bbox 1151 2199 1238 2264; x_wconf 89' lang='lat' dir='ltr'>binis</span> <span class='ocrx_word' id='word_1_92' title='bbox 1259 2199 1392 2265; x_wconf 93' lang='lat' dir='ltr'>vicibus</span> 
     </span>
     <span class='ocr_line' id='line_1_14' title="bbox 216 2303 1391 2388; baseline 0.001 -21"><span class='ocrx_word' id='word_1_93' title='bbox 216 2313 355 2367; x_wconf 88' lang='lat' dir='ltr'>vastatae</span> <span class='ocrx_word' id='word_1_94' title='bbox 370 2313 448 2368; x_wconf 93' lang='lat' dir='ltr'>sunt</span> <span class='ocrx_word' id='word_1_95' title='bbox 467 2304 538 2366; x_wconf 91' lang='lat' dir='ltr'>dira</span> <span class='ocrx_word' id='word_1_96' title='bbox 560 2304 756 2385; x_wconf 85' lang='lat' dir='ltr'>pestilentia,</span> <span class='ocrx_word' id='word_1_97' title='bbox 772 2304 923 2386; x_wconf 86' lang='lat' dir='ltr'>exceptis</span> <span class='ocrx_word' id='word_1_98' title='bbox 943 2303 1074 2368; x_wconf 92' lang='lat' dir='ltr'>duobus</span> <span class='ocrx_word' id='word_1_99' title='bbox 1092 2304 1233 2388; x_wconf 94' lang='lat' dir='ltr'>populis,</span> <span class='ocrx_word' id='word_1_100' title='bbox 1248 2304 1313 2368; x_wconf 89' lang='lat' dir='ltr'>hoe</span> <span class='ocrx_word' id='word_1_101' title='bbox 1328 2314 1391 2380; x_wconf 88' lang='lat' dir='ltr'>est,</span> 
     </span>
     <span class='ocr_line' id='line_1_15' title="bbox 218 2408 1391 2492; baseline 0.003 -22"><span class='ocrx_word' id='word_1_102' title='bbox 218 2408 385 2471; x_wconf 88' lang='lat' dir='ltr'>Pictorum</span> <span class='ocrx_word' id='word_1_103' title='bbox 410 2409 514 2490; x_wconf 84' lang='lat' dir='ltr'>plebe,</span> <span class='ocrx_word' id='word_1_104' title='bbox 530 2418 564 2471; x_wconf 90' lang='lat' dir='ltr'>et</span> <span class='ocrx_word' id='word_1_105' title='bbox 588 2408 780 2473; x_wconf 83' lang='lat' dir='ltr'>Scottorum</span> <span class='ocrx_word' id='word_1_106' title='bbox 804 2408 993 2485; x_wconf 85' lang='lat' dir='ltr'>Britanniae,</span> <span class='ocrx_word' id='word_1_107' title='bbox 1017 2409 1102 2471; x_wconf 88' lang='lat' dir='ltr'>inter</span> <span class='ocrx_word' id='word_1_108' title='bbox 1121 2429 1207 2492; x_wconf 87' lang='lat' dir='ltr'>quos</span> <span class='ocrx_word' id='word_1_109' title='bbox 1228 2418 1391 2492; x_wconf 87' lang='lat' dir='ltr'>utrosque</span> 
     </span>
     <span class='ocr_line' id='line_1_16' title="bbox 218 2511 1390 2597; baseline 0.002 -23"><span class='ocrx_word' id='word_1_110' title='bbox 218 2512 317 2574; x_wconf 88' lang='lat' dir='ltr'>Dorsi</span> <span class='ocrx_word' id='word_1_111' title='bbox 330 2522 460 2575; x_wconf 90' lang='lat' dir='ltr'>montes</span> <span class='ocrx_word' id='word_1_112' title='bbox 474 2511 655 2575; x_wconf 88' lang='lat' dir='ltr'>Britannici</span> <span class='ocrx_word' id='word_1_113' title='bbox 668 2511 907 2575; x_wconf 86' lang='lat' dir='ltr'>disterminant</span> <span class='ocrx_word' id='word_1_114' title='bbox 951 2511 997 2575; x_wconf 91' lang='lat' dir='ltr'>Et</span> <span class='ocrx_word' id='word_1_115' title='bbox 1008 2513 1159 2595; x_wconf 90' lang='lat' dir='ltr'>quamvis</span> <span class='ocrx_word' id='word_1_116' title='bbox 1170 2519 1390 2597; x_wconf 89' lang='lat' dir='ltr'>utrorumque</span> 
     </span>
     <span class='ocr_line' id='line_1_17' title="bbox 217 2614 1390 2701; baseline 0.004 -24"><span class='ocrx_word' id='word_1_117' title='bbox 217 2614 415 2698; x_wconf 90' lang='lat' dir='ltr'>populorum</span> <span class='ocrx_word' id='word_1_118' title='bbox 440 2635 505 2679; x_wconf 93' lang='lat' dir='ltr'>non</span> <span class='ocrx_word' id='word_1_119' title='bbox 530 2616 640 2680; x_wconf 89' lang='lat' dir='ltr'>desint</span> <span class='ocrx_word' id='word_1_120' title='bbox 663 2616 802 2698; x_wconf 85' lang='lat' dir='ltr'>grandia</span> <span class='ocrx_word' id='word_1_121' title='bbox 825 2625 970 2698; x_wconf 87' lang='lat' dir='ltr'>peccata,</span> <span class='ocrx_word' id='word_1_122' title='bbox 985 2616 1105 2699; x_wconf 92' lang='lat' dir='ltr'>quibus</span> <span class='ocrx_word' id='word_1_123' title='bbox 1126 2616 1324 2701; x_wconf 90' lang='lat' dir='ltr'>plerumque</span> <span class='ocrx_word' id='word_1_124' title='bbox 1345 2619 1390 2682; x_wconf 91' lang='lat' dir='ltr'>ad</span> 
     </span>
     <span class='ocr_line' id='line_1_18' title="bbox 217 2718 1389 2804; baseline 0.003 -24"><span class='ocrx_word' id='word_1_125' title='bbox 217 2718 419 2783; x_wconf 89' lang='lat' dir='ltr'>iracundiam</span> <span class='ocrx_word' id='word_1_126' title='bbox 448 2726 591 2783; x_wconf 85' lang='lat' dir='ltr'>aeternus</span> <span class='ocrx_word' id='word_1_127' title='bbox 621 2728 820 2801; x_wconf 89' lang='lat' dir='ltr'>provocatur</span> <span class='ocrx_word' id='word_1_128' title='bbox 845 2719 976 2802; x_wconf 88' lang='lat' dir='ltr'>judex;</span> <span class='ocrx_word' id='word_1_129' title='bbox 1010 2719 1156 2804; x_wconf 88' lang='lat' dir='ltr'>utrisque</span> <span class='ocrx_word' id='word_1_130' title='bbox 1184 2730 1298 2785; x_wconf 90' lang='lat' dir='ltr'>tamen</span> <span class='ocrx_word' id='word_1_131' title='bbox 1321 2720 1389 2785; x_wconf 91' lang='lat' dir='ltr'>huc</span> 
     </span>
     <span class='ocr_line' id='line_1_19' title="bbox 217 2822 1389 2907; baseline 0.002 -21"><span class='ocrx_word' id='word_1_132' title='bbox 217 2842 331 2905; x_wconf 88' lang='lat' dir='ltr'>usque,</span> <span class='ocrx_word' id='word_1_133' title='bbox 357 2823 521 2905; x_wconf 86' lang='lat' dir='ltr'>patienter</span> <span class='ocrx_word' id='word_1_134' title='bbox 548 2822 654 2886; x_wconf 88' lang='lat' dir='ltr'>serens</span> <span class='ocrx_word' id='word_1_135' title='bbox 685 2823 755 2906; x_wconf 89' lang='lat' dir='ltr'>ipse</span> <span class='ocrx_word' id='word_1_136' title='bbox 785 2823 939 2906; x_wconf 88' lang='lat' dir='ltr'>pepercit.</span> <span class='ocrx_word' id='word_1_137' title='bbox 997 2823 1059 2890; x_wconf 92' lang='lat' dir='ltr'>Cui</span> <span class='ocrx_word' id='word_1_138' title='bbox 1085 2824 1142 2888; x_wconf 91' lang='lat' dir='ltr'>alii</span> <span class='ocrx_word' id='word_1_139' title='bbox 1171 2824 1286 2907; x_wconf 88' lang='lat' dir='ltr'>itaque</span> <span class='ocrx_word' id='word_1_140' title='bbox 1313 2824 1389 2888; x_wconf 86' lang='lat' dir='ltr'>haec</span> 
     </span>
     <span class='ocr_line' id='line_1_20' title="bbox 218 2925 1390 3011; baseline 0.003 -22"><span class='ocrx_word' id='word_1_141' title='bbox 218 2925 372 2991; x_wconf 90' lang='lat' dir='ltr'>tribuitur</span> <span class='ocrx_word' id='word_1_142' title='bbox 398 2926 505 3010; x_wconf 89' lang='lat' dir='ltr'>gratia</span> <span class='ocrx_word' id='word_1_143' title='bbox 534 2946 555 2990; x_wconf 89' lang='lat' dir='ltr'>a</span> <span class='ocrx_word' id='word_1_144' title='bbox 582 2926 657 2990; x_wconf 89' lang='lat' dir='ltr'>Deo</span> <span class='ocrx_word' id='word_1_145' title='bbox 687 2926 818 3006; x_wconf 91' lang='lat' dir='ltr'>collata,</span> <span class='ocrx_word' id='word_1_146' title='bbox 845 2927 907 2989; x_wconf 93' lang='lat' dir='ltr'>nisi</span> <span class='ocrx_word' id='word_1_147' title='bbox 937 2936 1054 2991; x_wconf 91' lang='lat' dir='ltr'>sancto</span> <span class='ocrx_word' id='word_1_148' title='bbox 1079 2926 1263 3007; x_wconf 88' lang='lat' dir='ltr'>Columbae,</span> <span class='ocrx_word' id='word_1_149' title='bbox 1293 2928 1390 3011; x_wconf 84' lang='lat' dir='ltr'>cujus</span> 
     </span>
     <span class='ocr_line' id='line_1_21' title="bbox 218 3030 1389 3114; baseline 0.002 -21"><span class='ocrx_word' id='word_1_150' title='bbox 218 3031 418 3094; x_wconf 90' lang='lat' dir='ltr'>monasteria</span> <span class='ocrx_word' id='word_1_151' title='bbox 455 3031 541 3094; x_wconf 93' lang='lat' dir='ltr'>intra</span> <span class='ocrx_word' id='word_1_152' title='bbox 574 3040 789 3114; x_wconf 85' lang='lat' dir='ltr'>utrorumque</span> <span class='ocrx_word' id='word_1_153' title='bbox 822 3030 1021 3114; x_wconf 87' lang='lat' dir='ltr'>populorum</span> <span class='ocrx_word' id='word_1_154' title='bbox 1056 3031 1215 3096; x_wconf 90' lang='lat' dir='ltr'>terminos</span> <span class='ocrx_word' id='word_1_155' title='bbox 1248 3031 1389 3097; x_wconf 85' lang='lat' dir='ltr'>fundata</span> 
     </span>
     <span class='ocr_line' id='line_1_22' title="bbox 218 3134 1387 3218; baseline 0.002 -21"><span class='ocrx_word' id='word_1_156' title='bbox 218 3134 260 3199; x_wconf 89' lang='lat' dir='ltr'>ab</span> <span class='ocrx_word' id='word_1_157' title='bbox 291 3136 436 3218; x_wconf 89' lang='lat' dir='ltr'>utrisque</span> <span class='ocrx_word' id='word_1_158' title='bbox 474 3137 516 3198; x_wconf 93' lang='lat' dir='ltr'>ad</span> <span class='ocrx_word' id='word_1_159' title='bbox 559 3156 704 3218; x_wconf 83' lang='lat' dir='ltr'>praesens</span> <span class='ocrx_word' id='word_1_160' title='bbox 742 3144 874 3218; x_wconf 89' lang='lat' dir='ltr'>tempus</span> <span class='ocrx_word' id='word_1_161' title='bbox 911 3135 1008 3199; x_wconf 91' lang='lat' dir='ltr'>valde</span> <span class='ocrx_word' id='word_1_162' title='bbox 1046 3145 1124 3201; x_wconf 92' lang='lat' dir='ltr'>sunt</span> <span class='ocrx_word' id='word_1_163' title='bbox 1161 3135 1387 3199; x_wconf 79' lang='lat' dir='ltr'>honorificata</span> 
     </span>
     <span class='ocr_line' id='line_1_23' title="bbox 219 3239 1389 3322; baseline -0.002 -18"><span class='ocrx_word' id='word_1_164' title='bbox 219 3239 286 3304; x_wconf 89' lang='lat' dir='ltr'>Sed</span> <span class='ocrx_word' id='word_1_165' title='bbox 317 3239 380 3302; x_wconf 92' lang='lat' dir='ltr'>hoc</span> <span class='ocrx_word' id='word_1_166' title='bbox 406 3241 495 3322; x_wconf 93' lang='lat' dir='ltr'>quod</span> <span class='ocrx_word' id='word_1_167' title='bbox 524 3259 611 3303; x_wconf 91' lang='lat' dir='ltr'>nunc</span> <span class='ocrx_word' id='word_1_168' title='bbox 638 3239 756 3303; x_wconf 86' lang='lat' dir='ltr'>dicturi</span> <span class='ocrx_word' id='word_1_169' title='bbox 788 3259 909 3315; x_wconf 93' lang='lat' dir='ltr'>sumus,</span> <span class='ocrx_word' id='word_1_170' title='bbox 934 3248 971 3301; x_wconf 93' lang='lat' dir='ltr'>ut</span> <span class='ocrx_word' id='word_1_171' title='bbox 997 3239 1195 3303; x_wconf 90' lang='lat' dir='ltr'>arbitramur</span> <span class='ocrx_word' id='word_1_172' title='bbox 1222 3259 1288 3302; x_wconf 91' lang='lat' dir='ltr'>non</span> <span class='ocrx_word' id='word_1_173' title='bbox 1316 3241 1389 3303; x_wconf 91' lang='lat' dir='ltr'>sine</span> 
     </span>
     <span class='ocr_line' id='line_1_24' title="bbox 218 3342 1390 3427; baseline 0.002 -22"><span class='ocrx_word' id='word_1_174' title='bbox 218 3344 345 3424; x_wconf 88' lang='lat' dir='ltr'>gemitu</span> <span class='ocrx_word' id='word_1_175' title='bbox 361 3344 563 3407; x_wconf 90' lang='lat' dir='ltr'>audiendum</span> <span class='ocrx_word' id='word_1_176' title='bbox 580 3352 639 3421; x_wconf 91' lang='lat' dir='ltr'>est,</span> <span class='ocrx_word' id='word_1_177' title='bbox 654 3343 733 3426; x_wconf 90' lang='lat' dir='ltr'>quia</span> <span class='ocrx_word' id='word_1_178' title='bbox 755 3355 833 3407; x_wconf 87' lang='lat' dir='ltr'>sunt</span> <span class='ocrx_word' id='word_1_179' title='bbox 856 3342 1003 3426; x_wconf 89' lang='lat' dir='ltr'>plerique</span> <span class='ocrx_word' id='word_1_180' title='bbox 1025 3344 1060 3406; x_wconf 95' lang='lat' dir='ltr'>in</span> <span class='ocrx_word' id='word_1_181' title='bbox 1083 3343 1229 3427; x_wconf 87' lang='lat' dir='ltr'>utrisque</span> <span class='ocrx_word' id='word_1_182' title='bbox 1254 3345 1390 3427; x_wconf 89' lang='lat' dir='ltr'>populis</span> 
     </span>
     <span class='ocr_line' id='line_1_25' title="bbox 220 3447 1390 3530; baseline 0.003 -21"><span class='ocrx_word' id='word_1_183' title='bbox 220 3447 316 3509; x_wconf 92' lang='lat' dir='ltr'>valde</span> <span class='ocrx_word' id='word_1_184' title='bbox 331 3447 452 3523; x_wconf 90' lang='lat' dir='ltr'>stolidi,</span> <span class='ocrx_word' id='word_1_185' title='bbox 465 3448 520 3530; x_wconf 89' lang='lat' dir='ltr'>qui</span> <span class='ocrx_word' id='word_1_186' title='bbox 537 3468 572 3510; x_wconf 90' lang='lat' dir='ltr'>se</span> <span class='ocrx_word' id='word_1_187' title='bbox 588 3447 787 3512; x_wconf 88' lang='lat' dir='ltr'>Sanctorum</span> <span class='ocrx_word' id='word_1_188' title='bbox 804 3447 1008 3510; x_wconf 90' lang='lat' dir='ltr'>orationibus</span> <span class='ocrx_word' id='word_1_189' title='bbox 1024 3468 1044 3510; x_wconf 95' lang='lat' dir='ltr'>a</span> <span class='ocrx_word' id='word_1_190' title='bbox 1060 3448 1219 3511; x_wconf 84' lang='lat' dir='ltr'>moribus³</span> <span class='ocrx_word' id='word_1_191' title='bbox 1231 3448 1390 3513; x_wconf 81' lang='lat' dir='ltr'>defensos</span> 
     </span>
     <span class='ocr_line' id='line_1_26' title="bbox 219 3551 1391 3634; baseline 0.003 -22"><span class='ocrx_word' id='word_1_192' title='bbox 219 3551 411 3628; x_wconf 67' lang='lat' dir='ltr'>nescientes</span> <span class='ocrx_word' id='word_1_193' title='bbox 424 3552 544 3634; x_wconf 84' lang='lat' dir='ltr'>ingrati</span> <span class='ocrx_word' id='word_1_194' title='bbox 561 3552 625 3614; x_wconf 90' lang='lat' dir='ltr'>Dei</span> <span class='ocrx_word' id='word_1_195' title='bbox 642 3552 802 3634; x_wconf 90' lang='lat' dir='ltr'>patientia</span> <span class='ocrx_word' id='word_1_196' title='bbox 815 3551 900 3614; x_wconf 90' lang='lat' dir='ltr'>male</span> <span class='ocrx_word' id='word_1_197' title='bbox 913 3551 1101 3615; x_wconf 92' lang='lat' dir='ltr'>abutuntur.</span> <span class='ocrx_word' id='word_1_198' title='bbox 1133 3553 1205 3615; x_wconf 92' lang='lat' dir='ltr'>Nos</span> <span class='ocrx_word' id='word_1_199' title='bbox 1217 3572 1296 3616; x_wconf 91' lang='lat' dir='ltr'>vero</span> <span class='ocrx_word' id='word_1_200' title='bbox 1312 3553 1391 3616; x_wconf 93' lang='lat' dir='ltr'>Deo</span> 
     </span>
     <span class='ocr_line' id='line_1_27' title="bbox 217 3655 1390 3738; baseline 0.003 -21"><span class='ocrx_word' id='word_1_201' title='bbox 217 3655 347 3735; x_wconf 90' lang='lat' dir='ltr'>agimus</span> <span class='ocrx_word' id='word_1_202' title='bbox 364 3656 493 3718; x_wconf 92' lang='lat' dir='ltr'>crebras</span> <span class='ocrx_word' id='word_1_203' title='bbox 509 3665 628 3737; x_wconf 71' lang='lat' dir='ltr'>grates</span> <span class='ocrx_word' id='word_1_204' title='bbox 643 3657 700 3738; x_wconf 92' lang='lat' dir='ltr'>qui</span> <span class='ocrx_word' id='word_1_205' title='bbox 718 3675 778 3718; x_wconf 89' lang='lat' dir='ltr'>nos</span> <span class='ocrx_word' id='word_1_206' title='bbox 800 3665 834 3718; x_wconf 90' lang='lat' dir='ltr'>et</span> <span class='ocrx_word' id='word_1_207' title='bbox 857 3656 889 3717; x_wconf 94' lang='lat' dir='ltr'>in</span> <span class='ocrx_word' id='word_1_208' title='bbox 913 3655 964 3718; x_wconf 93' lang='lat' dir='ltr'>his</span> <span class='ocrx_word' id='word_1_209' title='bbox 988 3655 1108 3719; x_wconf 89' lang='lat' dir='ltr'>nostris</span> <span class='ocrx_word' id='word_1_210' title='bbox 1131 3655 1254 3732; x_wconf 91' lang='lat' dir='ltr'>insulis,</span> <span class='ocrx_word' id='word_1_211' title='bbox 1269 3668 1390 3721; x_wconf 89' lang='lat' dir='ltr'>orante</span> 
     </span>
     <span class='ocr_line' id='line_1_28' title="bbox 218 3759 1392 3842; baseline 0.003 -21"><span class='ocrx_word' id='word_1_212' title='bbox 218 3778 278 3840; x_wconf 90' lang='lat' dir='ltr'>pro</span> <span class='ocrx_word' id='word_1_213' title='bbox 290 3760 387 3821; x_wconf 89' lang='lat' dir='ltr'>nobis</span> <span class='ocrx_word' id='word_1_214' title='bbox 400 3768 512 3822; x_wconf 91' lang='lat' dir='ltr'>nostro</span> <span class='ocrx_word' id='word_1_215' title='bbox 525 3759 702 3823; x_wconf 89' lang='lat' dir='ltr'>venerabili</span> <span class='ocrx_word' id='word_1_216' title='bbox 715 3768 864 3842; x_wconf 92' lang='lat' dir='ltr'>patron0,</span> <span class='ocrx_word' id='word_1_217' title='bbox 877 3781 897 3823; x_wconf 95' lang='lat' dir='ltr'>a</span> <span class='ocrx_word' id='word_1_218' title='bbox 909 3760 1149 3824; x_wconf 91' lang='lat' dir='ltr'>mortalitatum</span> <span class='ocrx_word' id='word_1_219' title='bbox 1162 3761 1392 3825; x_wconf 89' lang='lat' dir='ltr'>invasionibus</span> 
     </span>
     <span class='ocr_line' id='line_1_29' title="bbox 218 3861 1392 3944; baseline 0.003 -20"><span class='ocrx_word' id='word_1_220' title='bbox 218 3861 386 3937; x_wconf 85' lang='lat' dir='ltr'>deiendit3</span> <span class='ocrx_word' id='word_1_221' title='bbox 414 3872 448 3926; x_wconf 90' lang='lat' dir='ltr'>et</span> <span class='ocrx_word' id='word_1_222' title='bbox 470 3863 502 3925; x_wconf 95' lang='lat' dir='ltr'>in</span> <span class='ocrx_word' id='word_1_223' title='bbox 528 3862 678 3927; x_wconf 90' lang='lat' dir='ltr'>Saxonia</span> <span class='ocrx_word' id='word_1_224' title='bbox 702 3884 812 3944; x_wconf 86' lang='lat' dir='ltr'>regem</span> <span class='ocrx_word' id='word_1_225' title='bbox 837 3862 1017 3927; x_wconf 88' lang='lat' dir='ltr'>Alsridum⁴</span> <span class='ocrx_word' id='word_1_226' title='bbox 1040 3865 1210 3927; x_wconf 90' lang='lat' dir='ltr'>visitantes</span> <span class='ocrx_word' id='word_1_227' title='bbox 1232 3866 1392 3944; x_wconf 91' lang='lat' dir='ltr'>amicum,</span> 
     </span>
    </p>
   </div>
   <div class='ocr_carea' id='block_1_5' title="bbox 166 4078 1396 4647">
    <p class='ocr_par' dir='ltr' id='par_1_5' title="bbox 166 4078 1396 4391">
     <span class='ocr_line' id='line_1_30' title="bbox 252 4078 1395 4144; baseline 0.005 -15"><span class='ocrx_word' id='word_1_228' title='bbox 252 4094 261 4119; x_wconf 88' lang='lat'>1</span> <span class='ocrx_word' id='word_1_229' title='bbox 276 4080 364 4129; x_wconf 80' lang='lat' dir='ltr'>Called</span> <span class='ocrx_word' id='word_1_230' title='bbox 377 4080 402 4128; x_wconf 93' lang='lat' dir='ltr'>in</span> <span class='ocrx_word' id='word_1_231' title='bbox 416 4079 511 4128; x_wconf 88' lang='lat' dir='ltr'>Britain</span> <span class='ocrx_word' id='word_1_232' title='bbox 524 4078 566 4128; x_wconf 92' lang='lat' dir='ltr'>the</span> <span class='ocrx_word' id='word_1_233' title='bbox 577 4079 675 4128; x_wconf 82' lang='lat' dir='ltr'>Yellow</span> <span class='ocrx_word' id='word_1_234' title='bbox 688 4080 788 4144; x_wconf 87' lang='lat' dir='ltr'>Plague.</span> <span class='ocrx_word' id='word_1_235' title='bbox 826 4079 882 4128; x_wconf 90' lang='lat' dir='ltr'>Itis</span> <span class='ocrx_word' id='word_1_236' title='bbox 899 4079 952 4129; x_wconf 83' lang='lat' dir='ltr'>said</span> <span class='ocrx_word' id='word_1_237' title='bbox 969 4088 996 4130; x_wconf 90' lang='lat' dir='ltr'>to</span> <span class='ocrx_word' id='word_1_238' title='bbox 1007 4080 1071 4131; x_wconf 80' lang='lat' dir='ltr'>have</span> <span class='ocrx_word' id='word_1_239' title='bbox 1082 4080 1134 4131; x_wconf 84' lang='lat' dir='ltr'>first</span> <span class='ocrx_word' id='word_1_240' title='bbox 1147 4080 1235 4131; x_wconf 82' lang='lat' dir='ltr'>visited</span> <span class='ocrx_word' id='word_1_241' title='bbox 1253 4082 1353 4134; x_wconf 78' lang='lat' dir='ltr'>Britain</span> <span class='ocrx_word' id='word_1_242' title='bbox 1366 4086 1395 4137; x_wconf 89' lang='lat' dir='ltr'>in</span> 
     </span>
     <span class='ocr_line' id='line_1_31' title="bbox 219 4162 1395 4229; baseline 0.007 -19"><span class='ocrx_word' id='word_1_243' title='bbox 219 4173 273 4225; x_wconf 85' lang='grc'><strong>547,</strong></span> <span class='ocrx_word' id='word_1_244' title='bbox 288 4163 338 4211; x_wconf 87' lang='lat' dir='ltr'>and</span> <span class='ocrx_word' id='word_1_245' title='bbox 354 4162 451 4211; x_wconf 84' lang='lat' dir='ltr'>lreland</span> <span class='ocrx_word' id='word_1_246' title='bbox 464 4162 489 4209; x_wconf 94' lang='lat' dir='ltr'>in</span> <span class='ocrx_word' id='word_1_247' title='bbox 503 4172 557 4224; x_wconf 84' lang='lat'>550.</span> <span class='ocrx_word' id='word_1_248' title='bbox 593 4162 648 4211; x_wconf 85' lang='lat' dir='ltr'>The</span> <span class='ocrx_word' id='word_1_249' title='bbox 660 4162 752 4211; x_wconf 93' lang='lat' dir='ltr'>second</span> <span class='ocrx_word' id='word_1_250' title='bbox 764 4163 884 4212; x_wconf 87' lang='lat' dir='ltr'>recorded</span> <span class='ocrx_word' id='word_1_251' title='bbox 895 4163 1063 4213; x_wconf 79' lang='lat' dir='ltr'>visitationes</span> <span class='ocrx_word' id='word_1_252' title='bbox 1075 4164 1120 4229; x_wconf 82' lang='lat' dir='ltr'>Hy</span> <span class='ocrx_word' id='word_1_253' title='bbox 1131 4165 1164 4229; x_wconf 85' lang='lat' dir='ltr'>by</span> <span class='ocrx_word' id='word_1_254' title='bbox 1176 4164 1218 4214; x_wconf 82' lang='lat' dir='ltr'>the</span> <span class='ocrx_word' id='word_1_255' title='bbox 1228 4164 1327 4217; x_wconf 70' lang='lat' dir='ltr'>nisam</span> <span class='ocrx_word' id='word_1_256' title='bbox 1340 4184 1395 4219; x_wconf 70' lang='lat' dir='ltr'>was</span> 
     </span>
     <span class='ocr_line' id='line_1_32' title="bbox 216 4243 1396 4316; baseline 0.007 -23"><span class='ocrx_word' id='word_1_257' title='bbox 216 4244 242 4294; x_wconf 91' lang='lat' dir='ltr'>in</span> <span class='ocrx_word' id='word_1_258' title='bbox 254 4243 311 4305; x_wconf 87' lang='lat'>664,</span> <span class='ocrx_word' id='word_1_259' title='bbox 325 4244 414 4308; x_wconf 85' lang='lat' dir='ltr'>during</span> <span class='ocrx_word' id='word_1_260' title='bbox 426 4244 467 4293; x_wconf 86' lang='lat' dir='ltr'>the</span> <span class='ocrx_word' id='word_1_261' title='bbox 485 4243 631 4307; x_wconf 87' lang='lat' dir='ltr'>presidency</span> <span class='ocrx_word' id='word_1_262' title='bbox 643 4246 668 4292; x_wconf 91' lang='lat' dir='ltr'>ol</span> <span class='ocrx_word' id='word_1_263' title='bbox 687 4243 803 4294; x_wconf 82' lang='lat' dir='ltr'>cuimine</span> <span class='ocrx_word' id='word_1_264' title='bbox 814 4243 916 4304; x_wconf 83' lang='lat' dir='ltr'>Ailbhe,</span> <span class='ocrx_word' id='word_1_265' title='bbox 932 4245 1004 4296; x_wconf 87' lang='lat' dir='ltr'>when</span> <span class='ocrx_word' id='word_1_266' title='bbox 1015 4245 1150 4296; x_wconf 76' lang='lat' dir='ltr'>Adamuan</span> <span class='ocrx_word' id='word_1_267' title='bbox 1162 4262 1212 4296; x_wconf 78' lang='lat' dir='ltr'>was</span> <span class='ocrx_word' id='word_1_268' title='bbox 1226 4247 1306 4299; x_wconf 78' lang='lat' dir='ltr'>about</span> <span class='ocrx_word' id='word_1_269' title='bbox 1324 4249 1396 4316; x_wconf 81' lang='lat' dir='ltr'>sorry</span> 
     </span>
     <span class='ocr_line' id='line_1_33' title="bbox 166 4324 816 4391; baseline 0 -14"><span class='ocrx_word' id='word_1_270' title='bbox 166 4351 178 4369; x_wconf 58' lang='lat' dir='ltr'>-v</span> <span class='ocrx_word' id='word_1_271' title='bbox 216 4343 287 4391; x_wconf 82' lang='lat' dir='ltr'>years</span> <span class='ocrx_word' id='word_1_272' title='bbox 298 4326 328 4376; x_wconf 86' lang='lat' dir='ltr'>oi</span> <span class='ocrx_word' id='word_1_273' title='bbox 335 4342 390 4390; x_wconf 81' lang='lat' dir='ltr'>age.</span> <span class='ocrx_word' id='word_1_274' title='bbox 426 4328 474 4378; x_wconf 87' lang='lat' dir='ltr'>See</span> <span class='ocrx_word' id='word_1_275' title='bbox 486 4327 531 4375; x_wconf 87' lang='lat' dir='ltr'>Dr.</span> <span class='ocrx_word' id='word_1_276' title='bbox 546 4324 651 4376; x_wconf 87' lang='lat' dir='ltr'>Reeves’</span> <span class='ocrx_word' id='word_1_277' title='bbox 663 4333 722 4376; x_wconf 86' lang='lat' dir='ltr'>note</span> <span class='ocrx_word' id='word_1_278' title='bbox 734 4328 763 4375; x_wconf 82' lang='lat' dir='ltr'>in</span> <span class='ocrx_word' id='word_1_279' title='bbox 774 4329 816 4377; x_wconf 80' lang='lat' dir='ltr'>loc.</span> 
     </span>
    </p>

    <p class='ocr_par' dir='ltr' id='par_1_6' title="bbox 248 4408 1396 4647">
     <span class='ocr_line' id='line_1_34' title="bbox 248 4408 383 4457; baseline -0.007 0"><span class='ocrx_word' id='word_1_280' title='bbox 248 4421 261 4447; x_wconf 79' lang='lat'>2</span> <span class='ocrx_word' id='word_1_281' title='bbox 276 4408 383 4457; x_wconf 63' lang='lat' dir='ltr'>lreland·</span> 
     </span>
     <span class='ocr_line' id='line_1_35' title="bbox 250 4488 425 4548; baseline 0 -9"><span class='ocrx_word' id='word_1_282' title='bbox 250 4503 261 4539; x_wconf 81' lang='lat'><strong>³</strong></span> <span class='ocrx_word' id='word_1_283' title='bbox 275 4488 378 4548; x_wconf 90' lang='lat' dir='ltr'>morbis,</span> <span class='ocrx_word' id='word_1_284' title='bbox 393 4489 425 4539; x_wconf 84' lang='grc' dir='ltr'>Α.</span> 
     </span>
     <span class='ocr_line' id='line_1_36' title="bbox 249 4570 1396 4647; baseline 0.01 -27"><span class='ocrx_word' id='word_1_285' title='bbox 249 4570 415 4621; x_wconf 73' lang='lat' dir='ltr'>raldiridum.</span> <span class='ocrx_word' id='word_1_286' title='bbox 457 4571 542 4634; x_wconf 89' lang='lat' dir='ltr'>Oswy,</span> <span class='ocrx_word' id='word_1_287' title='bbox 556 4571 626 4637; x_wconf 83' lang='lat' dir='ltr'>King</span> <span class='ocrx_word' id='word_1_288' title='bbox 638 4572 666 4622; x_wconf 89' lang='lat' dir='ltr'>ol</span> <span class='ocrx_word' id='word_1_289' title='bbox 679 4571 869 4634; x_wconf 72' lang='lat' dir='ltr'>Nerthumbria,</span> <span class='ocrx_word' id='word_1_290' title='bbox 883 4573 942 4624; x_wconf 85' lang='lat' dir='ltr'>died</span> <span class='ocrx_word' id='word_1_291' title='bbox 955 4574 982 4624; x_wconf 90' lang='lat' dir='ltr'>in</span> <span class='ocrx_word' id='word_1_292' title='bbox 1000 4573 1056 4636; x_wconf 84' lang='lat'>670,</span> <span class='ocrx_word' id='word_1_293' title='bbox 1071 4574 1120 4625; x_wconf 82' lang='lat' dir='ltr'>and</span> <span class='ocrx_word' id='word_1_294' title='bbox 1133 4590 1184 4625; x_wconf 74' lang='lat' dir='ltr'>m</span> <span class='ocrx_word' id='word_1_295' title='bbox 1197 4579 1339 4631; x_wconf 78' lang='lat' dir='ltr'>sueeeeded</span> <span class='ocrx_word' id='word_1_296' title='bbox 1359 4582 1396 4647; x_wconf 82' lang='lat' dir='ltr'>by</span> 
     </span>
    </p>
   </div>
   <div class='ocr_carea' id='block_1_6' title="bbox 0 0 1620 5520">
    <p class='ocr_par' dir='ltr' id='par_1_7' title="bbox 0 0 1620 5520">
     <span class='ocr_line' id='line_1_37' title="bbox 0 0 1620 5520; baseline 0 0"><span class='ocrx_word' id='word_1_297' title='bbox 0 0 1620 5520; x_wconf 95' lang='lat' dir='ltr'> </span> 
     </span>
    </p>
   </div>
  </div>
 </body>
</html>
