3226 5520
267 468 327 548 158
553 466 699 532 VITA
738 465 1044 533 II.-LIBER
1081 466 1139 532 11.

623 854 822 922 CAPUT
860 855 1068 921 XXXVI.

436 1058 488 1122 Dc
501 1060 632 1124 ccclesiae
644 1059 737 1144 Agri
749 1059 945 1124 Rirurlorum
960 1060 1066 1124 simili
1079 1058 1255 1125 reclusione.

265 1245 362 1312 ALIO
378 1246 492 1311 itidem
510 1249 541 1311 in
560 1258 717 1332 tempore,
733 1249 781 1314 vir
796 1251 914 1314 beatus
937 1249 1114 1334 aliquantis
1130 1250 1163 1313 in
1180 1247 1295 1315 Scotia
1312 1246 1435 1313 diebus

263 1362 484 1431 conversatus,
494 1354 535 1416 ad
548 1354 731 1418 visitandos
746 1353 862 1419 iratres
874 1355 930 1437 qui
941 1355 973 1417 in
988 1352 1186 1418 monasterio
1202 1352 1316 1417 Duum
1330 1350 1434 1417 Ruris

263 1454 520 1522 commanebant
536 1456 752 1536 Rivulorum,¹
765 1454 809 1522 ab
824 1458 872 1522 eis
888 1458 1054 1535 invitatus,
1069 1456 1224 1541 perrexit
1266 1454 1335 1522 Sed
1351 1475 1434 1520 casu

263 1558 374 1642 aliquo
389 1561 509 1626 accidit
523 1570 560 1625 ut
575 1582 616 1625 eo
630 1563 673 1626 ad
689 1562 861 1626 ecclesiam
883 1562 1070 1640 accedente,
1085 1560 1194 1625 claves
1210 1555 1277 1624 non
1293 1560 1435 1644 reperir-

263 1671 360 1728 entur
373 1665 514 1728 0ratorii.
561 1663 646 1729 Cum
662 1686 740 1729 vero
756 1665 899 1731 Sanctus
914 1667 956 1731 de
973 1686 1038 1729 non
1055 1666 1192 1749 repertis
1207 1665 1316 1729 adhuc
1331 1663 1435 1728 clavi·

263 1765 325 1830 bus
340 1776 374 1831 et
385 1767 546 1832 obseratis
561 1767 684 1832 foribus
701 1769 786 1833 inter
801 1790 836 1833 se
848 1771 1079 1852 conquirentes
1095 1769 1178 1833 alios
1192 1767 1350 1844 audisset,
1361 1767 1436 1850 ipse

264 1871 305 1933 ad
329 1871 449 1935 ostium
477 1873 768 1955 appropinquans:
793 1874 915 1937 Potens
939 1881 991 1936 est
1015 1872 1191 1949 Dominus,
1212 1870 1268 1949 ait,
1291 1871 1435 1934 domurn

263 1993 357 2036 suam
384 1975 484 2039 servis
500 1976 600 2038 etiam
624 1976 694 2039 sine
711 1975 857 2040 clavibus
879 1978 1005 2059 aperire
1028 1976 1103 2039 suis
1160 1975 1246 2041 Cum
1272 1973 1336 2037 hac
1359 1983 1435 2038 tum

262 2097 343 2141 voce
370 2078 479 2143 subito
506 2088 592 2143 retro
618 2080 751 2144 retrusis
778 2080 854 2143 iorti
881 2091 973 2144 motu
1000 2079 1148 2163 pessulis,
1170 2087 1290 2161 sponte
1315 2088 1438 2161 aperta

259 2181 372 2264 janua,
409 2181 552 2248 Sanctus
587 2204 662 2247 cum
699 2185 847 2248 omnium
886 2184 1106 2250 admiratione
1142 2182 1315 2247 ecclesiam
1354 2192 1438 2247 ante

262 2304 378 2348 omnes
401 2285 591 2367 ingreditur,
606 2295 640 2350 et
664 2284 871 2369 hospitaliter
892 2285 1082 2351 asratribus
1106 2294 1288 2370 susceptus,
1310 2285 1437 2350 honor·

262 2387 392 2452 abiliter
406 2390 450 2453 ab
464 2388 618 2454 omnibus
633 2397 815 2454 veneratur.

608 2786 811 2858 CAPUT
851 2791 1084 2858 XXXVII.

304 2979 357 3045 Dc
370 2979 508 3064 quodam
523 2979 646 3064 plebeio
667 2979 886 3058 mendicanti
908 2982 1050 3046 Sanctus
1070 2978 1182 3044 eudem
1195 2978 1328 3062 faciens
1344 2978 1398 3044 ad

592 3083 802 3168 jugulandas
817 3082 977 3148 bencdtsit
982 3085 1089 3165 feras.

262 3272 361 3338 ALIO
377 3274 410 3337 in
435 3282 584 3357 tempore
600 3274 736 3356 quidam
752 3273 795 3337 ad
820 3272 981 3338 Sanctum
1010 3271 1159 3355 plebeius
1176 3269 1267 3336 venit
1291 3290 1437 3354 pauper·

262 3378 373 3454 rimus,
384 3378 439 3460 qui
453 3378 485 3440 in
499 3399 538 3441 ea
551 3377 724 3441 habitabat
736 3378 869 3460 regione
881 3396 957 3460 quae
974 3376 1093 3459 Stagni
1106 3375 1256 3440 litoribus
1268 3373 1431 3457 Aporici¹

262 3491 312 3546 est
328 3482 540 3545 contermina
599 3482 687 3544 Huic
704 3501 783 3563 ergo
808 3479 985 3544 miserabili
1001 3480 1080 3556 viro,
1095 3479 1152 3562 qui
1167 3479 1256 3542 unde
1277 3479 1435 3543 maritam

263 3596 297 3649 et
312 3584 466 3668 parvulos
489 3584 621 3661 cibaret,
637 3605 702 3648 non
727 3584 880 3662 habebat,
896 3585 945 3648 vir
966 3584 1082 3647 beatus
1098 3583 1233 3666 petenti,
1249 3583 1436 3664 miseratuS,

262 3698 300 3753 ut
337 3689 453 3772 potuit,
490 3691 659 3771 quandam
707 3688 844 3772 largitus
892 3689 1150 3771 eleemosynam,
1186 3687 1254 3751 ait:
1301 3686 1436 3753 Miselle

263 3793 449 3870 homuncio,
465 3792 543 3855 tolle
559 3793 601 3855 de
617 3791 698 3856 silva
721 3793 892 3857 contulum
916 3793 1032 3870 vicina,
1048 3802 1082 3856 et
1096 3791 1139 3855 ad
1157 3810 1210 3855 me
1225 3791 1316 3855 ocius
1331 3790 1435 3857 defer.

263 3895 504 3962 Obsecundans
521 3897 626 3972 miser,
640 3896 740 3978 juxta
757 3896 871 3962 Sancti
891 3896 1084 3979 jussionem,
1101 3894 1220 3958 detulit
1236 3894 1410 3958 materiam
1428 3919 1437 3976 ς

262 4021 362 4083 quam
392 4001 535 4065 Sanctus
565 4001 736 4082 excipiens
760 4001 792 4063 in
821 4021 896 4064 veru
928 4000 1085 4077 exacuit;
1116 3999 1273 4083 quodque
1298 4000 1437 4082 propria

262 4105 501 4168 exacuminans
529 4123 638 4181 manu,
663 4104 871 4180 benedicens,
895 4113 929 4166 et
945 4103 990 4166 illi
1014 4103 1187 4184 assignans
1207 4102 1298 4183 inopi
1321 4102 1436 4168 dixit:

265 4209 340 4273 Hoc
366 4230 445 4272 veru
468 4208 645 4291 diligenter
670 4208 809 4285 custodi,
832 4207 931 4290 quod,
947 4215 984 4270 ut
1007 4208 1115 4284 credo,
1131 4225 1191 4269 nec
1215 4205 1350 4283 homini,
1372 4226 1436 4271 nec

296 4472 305 4499 ¹
319 4463 459 4527 Tirdaglas,
472 4478 529 4511 now
541 4461 684 4525 Terryglas,
698 4460 724 4509 in
736 4460 778 4509 the
789 4467 882 4523 county
893 4458 923 4508 oi
931 4457 1077 4523 Tippemry.

293 4560 305 4588 ²
319 4545 393 4597 Lech
406 4545 487 4603 Abos,
501 4559 558 4595 now
570 4542 708 4594 iochaber.
