3226 5520
221 467 279 536 152
507 451 654 519 VITA
693 449 997 518 ll.-L1BER
1035 448 1091 517 11.
1130 532 1141 557 ι

216 685 315 732 eum:
347 664 423 730 Hoc
452 664 543 750 quod
573 665 607 730 in
637 684 738 730 manu
764 664 873 731 habeo
899 664 1031 745 terrum,
1055 683 1172 748 quaeso
1195 662 1384 730 benedicas

217 768 284 853 Qui
300 770 472 854 paululum
487 779 628 836 extensa
643 790 743 836 manu
759 779 875 836 sancta
895 790 971 835 curn
987 769 1118 836 calamo
1131 770 1268 854 signans
1282 769 1383 834 bene·

216 874 313 953 dixit,
323 874 365 938 ad
381 873 501 939 librum
517 874 560 938 de
574 894 642 957 quo
651 873 815 939 scribebat
830 873 913 939 facie
925 894 1089 940 conversa
1135 871 1214 958 Quo
1227 873 1385 939 videlicet

216 978 407 1060 supradicto
440 977 538 1043 fratre
575 997 650 1044 cum
687 977 772 1042 ferro
808 976 986 1042 benedicto
1022 977 1207 1055 recedente,
1237 976 1384 1044 Sanctus

216 1091 450 1166 percunctatur
479 1083 614 1148 dicens:
645 1081 746 1167 Quod
777 1081 868 1146 iratri
895 1081 1017 1146 sermm
1046 1081 1231 1146 benedixi?
1284 1081 1386 1146 Dior·

218 1187 339 1266 mitius,
361 1187 435 1271 pius
466 1187 537 1271 ejus
570 1187 793 1252 ministrator:
817 1187 1011 1270 Pugionem,
1033 1186 1089 1266 ait,
1110 1186 1155 1251 ad
1178 1184 1386 1270 jugulandos

214 1299 327 1356 tauros
349 1290 401 1356 vel
423 1291 524 1357 boves
547 1292 756 1357 benedixisti
802 1290 870 1376 Qui
885 1313 904 1357 e
920 1301 1036 1356 contra
1057 1292 1263 1376 respondens
1285 1289 1383 1356 infit:

219 1396 355 1460 Ferrum
386 1397 475 1480 quod
505 1396 672 1476 benedixi,
702 1395 834 1461 confido
864 1397 897 1460 in
929 1396 1078 1460 Domino
1107 1415 1192 1475 meo,
1216 1395 1298 1480 quia
1323 1414 1387 1460 nec

217 1499 344 1565 homini
361 1521 421 1565 nec
441 1501 552 1585 pecori
576 1500 715 1566 nocebit
761 1499 862 1584 Quod
887 1499 1002 1567 Sancti
1025 1499 1251 1566 firmissimum
1266 1499 1388 1565 eadem

217 1604 300 1670 hora
325 1605 578 1689 comprobatum
605 1615 657 1671 est
685 1606 831 1670 verbum.
889 1605 977 1670 Nam
1005 1605 1094 1670 idem
1124 1602 1233 1684 irater,
1257 1603 1388 1670 vallum

217 1728 368 1792 egressus
405 1709 605 1787 monasterii,
641 1710 760 1774 bovem
796 1709 949 1794 jugulare
985 1709 1109 1787 volens,
1138 1708 1245 1774 tribus
1282 1706 1391 1773 firmis

218 1814 354 1893 vicibus,
376 1823 410 1880 et
434 1814 511 1879 sorti
535 1814 735 1898 impulsione
758 1823 906 1892 conatus,
929 1834 989 1878 nec
1014 1822 1127 1878 tamen
1149 1812 1262 1897 potuit
1283 1812 1392 1877 etiam

219 1917 290 2002 ejus
306 1917 500 2003 transfigere
515 1917 644 2002 pellem.
689 1918 790 2004 Quod
807 1918 961 1983 monachi
984 1918 1126 1983 scientes
1142 1916 1286 2001 experti,
1300 1917 1392 2001 ejus-

219 2022 297 2086 dem
328 2023 482 2107 pugionis
519 2022 650 2103 sermm,
680 2024 766 2107 ignis
804 2022 985 2088 resolutum
1022 2021 1139 2102 calore,
1176 2041 1236 2106 per
1272 2024 1396 2088 omnia

220 2127 410 2191 monasterii
441 2126 638 2192 ferramenta
669 2126 882 2211 liquefactum
909 2127 1092 2192 diviserunt
1117 2125 1300 2206 illinitum;
1327 2147 1395 2192 nec

220 2238 336 2314 postea
351 2229 452 2295 ullam
472 2239 609 2313 potuere
635 2251 767 2297 carnem
791 2231 970 2311 vulnerare,
985 2230 1073 2297 illius
1089 2228 1205 2299 Sancti
1228 2240 1396 2299 manente

219 2333 459 2399 benedictionis
474 2334 674 2402 fortitudine.

653 2828 814 2898 CAPUT
844 2827 958 2895 XXX.

479 3053 531 3119 Dc
559 3053 736 3119 Diormitir‘
761 3051 950 3138 egrotantis
977 3049 1126 3117 sanitate.

220 3261 319 3326 ALIO
343 3262 551 3342 intempore,
576 3258 782 3337 Diormitius,
799 3258 913 3324 Sancti
936 3259 1011 3341 pius
1034 3257 1193 3334 minister,
1215 3277 1325 3342 usque
1348 3261 1397 3327 ad

223 3374 363 3429 mortem
379 3364 572 3447 aegrotavit:
593 3365 635 3427 ad
652 3384 760 3447 quem,
776 3364 810 3426 in
825 3363 984 3427 extremis
1000 3361 1227 3440 constitutum,
1243 3361 1398 3430 Sanctus

222 3469 359 3534 visitans
396 3468 556 3546 accessit;
594 3467 783 3550 Christique
819 3467 973 3530 invocato
1010 3466 1153 3543 nomine,
1185 3463 1309 3530 infirmi
1348 3470 1397 3533 ad

223 3572 380 3637 lectulum
397 3581 498 3647 stans,
513 3580 547 3634 et
569 3590 630 3652 pro
652 3591 693 3634 eo
715 3590 867 3647 exorans,
885 3569 994 3633 dixit:
1018 3567 1209 3632 Exorabilis
1232 3569 1315 3633 mihi
1331 3568 1399 3636 fias

222 3696 345 3760 precor,
362 3675 507 3738 Domine
531 3675 585 3753 mi,
600 3683 634 3739 et
657 3675 802 3738 animam
827 3673 892 3737 mei
915 3673 1146 3738 ministratoris
1169 3672 1215 3756 pii
1231 3673 1274 3737 de
1289 3672 1398 3757 hujus

222 3780 329 3844 carnis
355 3776 553 3854 habitaculo,
580 3798 633 3841 me
660 3798 726 3842 non
754 3776 882 3841 auferas
905 3777 1089 3860 superstite.
1136 3776 1182 3840 Et
1208 3775 1271 3839 hoc
1297 3777 1398 3842 dicto

222 3883 460 3968 aliquantisper
488 3881 654 3945 conticuit.
714 3882 803 3945 Tum
841 3882 981 3964 proinde
1017 3880 1103 3945 hanc
1136 3880 1178 3944 de
1208 3900 1303 3943 sacro
1332 3901 1397 3948 ore

223 3987 347 4071 profert
361 4005 477 4051 vocem
493 3985 628 4049 dicens:
655 3985 721 4049 Hic
737 4006 830 4049 meus
846 4005 913 4048 non
928 3985 1036 4049 solum
1052 3984 1114 4048 hac
1129 3985 1201 4048 vice
1216 4004 1306 4049 nunc
1322 4005 1395 4053 non

224 4090 381 4179 morietur
396 4111 486 4174 puer,
498 4091 555 4153 sed
572 4090 672 4154 etiam
689 4098 764 4173 post
777 4110 888 4154 meum
905 4091 1000 4154 annis
1015 4090 1103 4155 vivet
1119 4089 1232 4154 multis
1247 4089 1395 4157 obitum.

224 4196 327 4279 Cujus
343 4195 414 4259 haec
430 4195 582 4259 exoratio
597 4203 647 4258 est
662 4194 841 4258 exaudita:
865 4215 942 4259 nam
960 4194 1164 4276 DiormitiuS,
1180 4193 1294 4258 statim
1312 4206 1396 4278 post

225 4299 339 4366 Sancti
355 4299 580 4363 exaudibilem
604 4319 745 4381 precem,
761 4297 894 4382 plenam
918 4299 1122 4382 recuperavit
1142 4297 1309 4378 salutem;
1331 4319 1397 4383 per

224 4404 347 4470 multos
362 4424 494 4488 quoque
516 4424 621 4470 annos
637 4413 713 4488 post
736 4403 851 4470 Sancti
874 4404 917 4470 ad
933 4404 1118 4471 Dominum
1134 4404 1394 4491 emigrationem

224 4509 417 4592 supervixit
