<?xml version="1.0" encoding="UTF-8"?>
<!DOCTYPE html PUBLIC "-//W3C//DTD XHTML 1.0 Transitional//EN"
    "http://www.w3.org/TR/xhtml1/DTD/xhtml1-transitional.dtd">
<html xmlns="http://www.w3.org/1999/xhtml" xml:lang="en" lang="en">
 <head>
  <title>
</title>
<meta http-equiv="Content-Type" content="text/html;charset=utf-8" />
  <meta name='ocr-system' content='tesseract 3.04.00' />
  <meta name='ocr-capabilities' content='ocr_page ocr_carea ocr_par ocr_line ocrx_word'/>
</head>
<body>
  <div class='ocr_page' id='page_1' title='image "./pinkertonslives00pinkgoog_0236.png"; bbox 0 0 3226 5520; ppageno 0'>
   <div class='ocr_carea' id='block_1_1' title="bbox 627 489 1364 569">
    <p class='ocr_par' dir='ltr' id='par_1_1' title="bbox 627 489 1364 569">
     <span class='ocr_line' id='line_1_1' title="bbox 627 489 1364 569; baseline -0.008 -11"><span class='ocrx_word' id='word_1_1' title='bbox 627 489 939 558; x_wconf 65' lang='lat' dir='ltr'><strong>cornuum.</strong></span> <span class='ocrx_word' id='word_1_2' title='bbox 1307 499 1364 569; x_wconf 78' lang='lat'><strong>175</strong></span> 
     </span>
    </p>
   </div>
   <div class='ocr_carea' id='block_1_2' title="bbox 201 694 1369 1611">
    <p class='ocr_par' dir='ltr' id='par_1_2' title="bbox 201 694 1369 1300">
     <span class='ocr_line' id='line_1_2' title="bbox 201 694 1367 780; baseline -0.004 -19"><span class='ocrx_word' id='word_1_3' title='bbox 201 696 310 761; x_wconf 84' lang='lat' dir='ltr'><strong>adhuc</strong></span> <span class='ocrx_word' id='word_1_4' title='bbox 340 717 406 761; x_wconf 92' lang='lat' dir='ltr'><strong>non</strong></span> <span class='ocrx_word' id='word_1_5' title='bbox 436 704 586 761; x_wconf 80' lang='lat' dir='ltr'><strong>cessante</strong></span> <span class='ocrx_word' id='word_1_6' title='bbox 616 696 812 780; x_wconf 83' lang='lat' dir='ltr'>pestilentia,</span> <span class='ocrx_word' id='word_1_7' title='bbox 842 706 876 760; x_wconf 91' lang='lat' dir='ltr'><strong>et</strong></span> <span class='ocrx_word' id='word_1_8' title='bbox 906 695 1029 759; x_wconf 92' lang='lat' dir='ltr'><strong>multos</strong></span> <span class='ocrx_word' id='word_1_9' title='bbox 1059 694 1136 758; x_wconf 91' lang='lat' dir='ltr'><strong>hinc</strong></span> <span class='ocrx_word' id='word_1_10' title='bbox 1170 694 1248 758; x_wconf 92' lang='lat' dir='ltr'><strong>inde</strong></span> <span class='ocrx_word' id='word_1_11' title='bbox 1276 694 1367 757; x_wconf 90' lang='lat' dir='ltr'><strong>vicos</strong></span> 
     </span>
     <span class='ocr_line' id='line_1_3' title="bbox 202 797 1367 884; baseline -0.003 -20"><span class='ocrx_word' id='word_1_12' title='bbox 202 800 406 880; x_wconf 87' lang='lat' dir='ltr'><strong>devastante,</strong></span> <span class='ocrx_word' id='word_1_13' title='bbox 422 801 469 866; x_wconf 86' lang='lat' dir='ltr'><strong>ita</strong></span> <span class='ocrx_word' id='word_1_14' title='bbox 491 811 604 867; x_wconf 90' lang='lat' dir='ltr'><strong>tamen</strong></span> <span class='ocrx_word' id='word_1_15' title='bbox 628 821 688 865; x_wconf 91' lang='lat' dir='ltr'><strong>nos</strong></span> <span class='ocrx_word' id='word_1_16' title='bbox 711 800 887 877; x_wconf 87' lang='lat' dir='ltr'><strong>Dominus,</strong></span> <span class='ocrx_word' id='word_1_17' title='bbox 901 808 936 864; x_wconf 90' lang='lat' dir='ltr'><strong>et</strong></span> <span class='ocrx_word' id='word_1_18' title='bbox 959 800 992 863; x_wconf 90' lang='lat' dir='ltr'><strong>in</strong></span> <span class='ocrx_word' id='word_1_19' title='bbox 1015 799 1123 884; x_wconf 89' lang='lat' dir='ltr'><strong>prima</strong></span> <span class='ocrx_word' id='word_1_20' title='bbox 1145 807 1222 883; x_wconf 92' lang='lat' dir='ltr'><strong>post</strong></span> <span class='ocrx_word' id='word_1_21' title='bbox 1243 797 1367 861; x_wconf 90' lang='lat' dir='ltr'><strong>bellum</strong></span> 
     </span>
     <span class='ocr_line' id='line_1_4' title="bbox 203 899 1367 986; baseline -0.004 -19"><span class='ocrx_word' id='word_1_22' title='bbox 203 902 331 986; x_wconf 82' lang='lat' dir='ltr'><strong>Egsridi</strong></span> <span class='ocrx_word' id='word_1_23' title='bbox 354 904 551 983; x_wconf 88' lang='lat' dir='ltr'><strong>visitatione,</strong></span> <span class='ocrx_word' id='word_1_24' title='bbox 569 912 603 967; x_wconf 93' lang='lat' dir='ltr'><strong>et</strong></span> <span class='ocrx_word' id='word_1_25' title='bbox 625 904 658 967; x_wconf 94' lang='lat' dir='ltr'><strong>in</strong></span> <span class='ocrx_word' id='word_1_26' title='bbox 682 904 836 980; x_wconf 87' lang='lat' dir='ltr'><strong>secunda,</strong></span> <span class='ocrx_word' id='word_1_27' title='bbox 859 902 1038 984; x_wconf 88' lang='lat' dir='ltr'><strong>interjectis</strong></span> <span class='ocrx_word' id='word_1_28' title='bbox 1060 901 1192 965; x_wconf 92' lang='lat' dir='ltr'><strong>duobus</strong></span> <span class='ocrx_word' id='word_1_29' title='bbox 1214 900 1317 977; x_wconf 87' lang='lat' dir='ltr'><strong>annis,</strong></span> <span class='ocrx_word' id='word_1_30' title='bbox 1334 899 1367 962; x_wconf 92' lang='lat' dir='ltr'><strong>in</strong></span> 
     </span>
     <span class='ocr_line' id='line_1_5' title="bbox 201 1005 1369 1090; baseline -0.002 -20"><span class='ocrx_word' id='word_1_31' title='bbox 201 1007 259 1071; x_wconf 90' lang='lat' dir='ltr'><strong>tali</strong></span> <span class='ocrx_word' id='word_1_32' title='bbox 284 1007 494 1073; x_wconf 81' lang='lat' dir='ltr'><strong>mortalitatis</strong></span> <span class='ocrx_word' id='word_1_33' title='bbox 517 1008 628 1072; x_wconf 91' lang='lat' dir='ltr'><strong>medio</strong></span> <span class='ocrx_word' id='word_1_34' title='bbox 650 1008 902 1073; x_wconf 89' lang='lat' dir='ltr'><strong>deambulantes</strong></span> <span class='ocrx_word' id='word_1_35' title='bbox 925 1006 1070 1090; x_wconf 90' lang='lat' dir='ltr'><strong>periculo</strong></span> <span class='ocrx_word' id='word_1_36' title='bbox 1093 1005 1252 1083; x_wconf 90' lang='lat' dir='ltr'><strong>liberavit,</strong></span> <span class='ocrx_word' id='word_1_37' title='bbox 1266 1013 1304 1068; x_wconf 93' lang='lat' dir='ltr'><strong>ut</strong></span> <span class='ocrx_word' id='word_1_38' title='bbox 1326 1023 1369 1069; x_wconf 89' lang='lat' dir='ltr'><strong>ne</strong></span> 
     </span>
     <span class='ocr_line' id='line_1_6' title="bbox 202 1107 1369 1193; baseline -0.003 -18"><span class='ocrx_word' id='word_1_39' title='bbox 202 1131 287 1176; x_wconf 91' lang='lat' dir='ltr'><strong>unus</strong></span> <span class='ocrx_word' id='word_1_40' title='bbox 303 1113 403 1176; x_wconf 91' lang='lat' dir='ltr'><strong>etiam</strong></span> <span class='ocrx_word' id='word_1_41' title='bbox 424 1114 467 1178; x_wconf 90' lang='lat' dir='ltr'><strong>de</strong></span> <span class='ocrx_word' id='word_1_42' title='bbox 489 1111 610 1177; x_wconf 88' lang='lat' dir='ltr'><strong>nostris</strong></span> <span class='ocrx_word' id='word_1_43' title='bbox 632 1111 808 1176; x_wconf 91' lang='lat' dir='ltr'><strong>comitibus</strong></span> <span class='ocrx_word' id='word_1_44' title='bbox 831 1118 1021 1190; x_wconf 85' lang='lat' dir='ltr'><strong>moreretur,</strong></span> <span class='ocrx_word' id='word_1_45' title='bbox 1036 1129 1097 1174; x_wconf 92' lang='lat' dir='ltr'><strong>nec</strong></span> <span class='ocrx_word' id='word_1_46' title='bbox 1119 1109 1238 1193; x_wconf 91' lang='lat' dir='ltr'><strong>aliquis</strong></span> <span class='ocrx_word' id='word_1_47' title='bbox 1257 1107 1369 1173; x_wconf 86' lang='lat' dir='ltr'><strong>exeis</strong></span> 
     </span>
     <span class='ocr_line' id='line_1_7' title="bbox 202 1214 698 1300; baseline 0 -21"><span class='ocrx_word' id='word_1_48' title='bbox 202 1216 314 1300; x_wconf 91' lang='lat' dir='ltr'><strong>aliquo</strong></span> <span class='ocrx_word' id='word_1_49' title='bbox 330 1216 560 1281; x_wconf 85' lang='lat' dir='ltr'><strong>molestaretur</strong></span> <span class='ocrx_word' id='word_1_50' title='bbox 576 1214 698 1280; x_wconf 85' lang='lat' dir='ltr'><strong>morbo</strong></span> 
     </span>
    </p>

    <p class='ocr_par' dir='ltr' id='par_1_3' title="bbox 201 1316 1369 1611">
     <span class='ocr_line' id='line_1_8' title="bbox 248 1316 1367 1387; baseline -0.004 -2"><span class='ocrx_word' id='word_1_51' title='bbox 248 1321 313 1385; x_wconf 91' lang='lat' dir='ltr'><strong>Hic</strong></span> <span class='ocrx_word' id='word_1_52' title='bbox 335 1321 499 1387; x_wconf 86' lang='lat' dir='ltr'><strong>secundus</strong></span> <span class='ocrx_word' id='word_1_53' title='bbox 521 1322 564 1385; x_wconf 94' lang='lat' dir='ltr'><strong>de</strong></span> <span class='ocrx_word' id='word_1_54' title='bbox 581 1319 740 1386; x_wconf 90' lang='lat' dir='ltr'><strong>virtutum</strong></span> <span class='ocrx_word' id='word_1_55' title='bbox 765 1317 930 1384; x_wconf 86' lang='lat' dir='ltr'><strong>miraculis</strong></span> <span class='ocrx_word' id='word_1_56' title='bbox 950 1316 1114 1384; x_wconf 88' lang='lat' dir='ltr'><strong>finiendus</strong></span> <span class='ocrx_word' id='word_1_57' title='bbox 1136 1326 1187 1382; x_wconf 90' lang='lat' dir='ltr'><strong>est</strong></span> <span class='ocrx_word' id='word_1_58' title='bbox 1210 1316 1311 1383; x_wconf 87' lang='lat' dir='ltr'><strong>liber:</strong></span> <span class='ocrx_word' id='word_1_59' title='bbox 1334 1316 1367 1381; x_wconf 93' lang='lat' dir='ltr'><strong>in</strong></span> 
     </span>
     <span class='ocr_line' id='line_1_9' title="bbox 201 1420 1369 1506; baseline -0.003 -20"><span class='ocrx_word' id='word_1_60' title='bbox 201 1443 268 1506; x_wconf 93' lang='lat' dir='ltr'><strong>quo</strong></span> <span class='ocrx_word' id='word_1_61' title='bbox 279 1423 542 1488; x_wconf 87' lang='lat' dir='ltr'><strong>animadvertere</strong></span> <span class='ocrx_word' id='word_1_62' title='bbox 557 1421 660 1486; x_wconf 84' lang='lat' dir='ltr'><strong>lector</strong></span> <span class='ocrx_word' id='word_1_63' title='bbox 671 1421 780 1500; x_wconf 87' lang='lat' dir='ltr'><strong>debet,</strong></span> <span class='ocrx_word' id='word_1_64' title='bbox 791 1421 891 1504; x_wconf 91' lang='lat' dir='ltr'><strong>quod,</strong></span> <span class='ocrx_word' id='word_1_65' title='bbox 904 1421 1004 1485; x_wconf 93' lang='lat' dir='ltr'><strong>etiam</strong></span> <span class='ocrx_word' id='word_1_66' title='bbox 1019 1421 1063 1485; x_wconf 93' lang='lat' dir='ltr'><strong>de</strong></span> <span class='ocrx_word' id='word_1_67' title='bbox 1078 1421 1265 1504; x_wconf 86' lang='lat' dir='ltr'><strong>compertis,</strong></span> <span class='ocrx_word' id='word_1_68' title='bbox 1278 1420 1311 1483; x_wconf 92' lang='lat' dir='ltr'><strong>in</strong></span> <span class='ocrx_word' id='word_1_69' title='bbox 1327 1439 1369 1483; x_wconf 92' lang='lat' dir='ltr'><strong>eo</strong></span> 
     </span>
     <span class='ocr_line' id='line_1_10' title="bbox 203 1522 1368 1611; baseline -0.001 -21"><span class='ocrx_word' id='word_1_70' title='bbox 203 1525 309 1592; x_wconf 88' lang='lat' dir='ltr'><strong>multa</strong></span> <span class='ocrx_word' id='word_1_71' title='bbox 323 1534 458 1611; x_wconf 90' lang='lat' dir='ltr'><strong>propter</strong></span> <span class='ocrx_word' id='word_1_72' title='bbox 473 1526 655 1611; x_wconf 87' lang='lat' dir='ltr'><strong>legentium</strong></span> <span class='ocrx_word' id='word_1_73' title='bbox 667 1525 861 1590; x_wconf 88' lang='lat' dir='ltr'><strong>evitandum</strong></span> <span class='ocrx_word' id='word_1_74' title='bbox 877 1525 1098 1610; x_wconf 78' lang='lat' dir='ltr'><strong>praetermissa</strong></span> <span class='ocrx_word' id='word_1_75' title='bbox 1112 1525 1179 1590; x_wconf 91' lang='lat' dir='ltr'><strong>sint</strong></span> <span class='ocrx_word' id='word_1_76' title='bbox 1190 1522 1368 1590; x_wconf 81' lang='lat' dir='ltr'><strong>fastidium.</strong></span> 
     </span>
    </p>
   </div>
   <div class='ocr_carea' id='block_1_3' title="bbox 564 1712 1007 1798">
    <p class='ocr_par' dir='ltr' id='par_1_4' title="bbox 564 1712 1007 1798">
     <span class='ocr_line' id='line_1_11' title="bbox 564 1712 1007 1798; baseline 0 -19"><span class='ocrx_word' id='word_1_77' title='bbox 564 1712 707 1798; x_wconf 56' lang='lat' dir='ltr'><strong>Explicit</strong></span> <span class='ocrx_word' id='word_1_78' title='bbox 720 1712 821 1779; x_wconf 81' lang='lat' dir='ltr'><strong>Liber</strong></span> <span class='ocrx_word' id='word_1_79' title='bbox 834 1713 1007 1780; x_wconf 79' lang='lat' dir='ltr'><strong>Secundus.</strong></span> 
     </span>
    </p>
   </div>
   <div class='ocr_carea' id='block_1_4' title="bbox 201 2013 1373 2489">
    <p class='ocr_par' dir='ltr' id='par_1_5' title="bbox 201 2013 1373 2489">
     <span class='ocr_line' id='line_1_12' title="bbox 201 2013 1373 2081; baseline 0 -15"><span class='ocrx_word' id='word_1_80' title='bbox 201 2015 241 2066; x_wconf 79' lang='lat' dir='ltr'><strong>his</strong></span> <span class='ocrx_word' id='word_1_81' title='bbox 251 2030 298 2066; x_wconf 81' lang='lat' dir='ltr'><strong>eon</strong></span> <span class='ocrx_word' id='word_1_82' title='bbox 315 2013 411 2080; x_wconf 76' lang='lat' dir='ltr'><strong>Egirid.</strong></span> <span class='ocrx_word' id='word_1_83' title='bbox 446 2013 557 2075; x_wconf 79' lang='lat' dir='ltr'><strong>Aldfrid,</strong></span> <span class='ocrx_word' id='word_1_84' title='bbox 570 2014 666 2080; x_wconf 78' lang='lat' dir='ltr'><strong>though</strong></span> <span class='ocrx_word' id='word_1_85' title='bbox 684 2030 718 2065; x_wconf 78' lang='lat' dir='ltr'><strong>en</strong></span> <span class='ocrx_word' id='word_1_86' title='bbox 729 2013 797 2065; x_wconf 81' lang='lat' dir='ltr'><strong>elder</strong></span> <span class='ocrx_word' id='word_1_87' title='bbox 808 2013 919 2075; x_wconf 85' lang='lat' dir='ltr'><strong>brother,</strong></span> <span class='ocrx_word' id='word_1_88' title='bbox 934 2029 985 2065; x_wconf 76' lang='lat' dir='ltr'><strong>reus</strong></span> <span class='ocrx_word' id='word_1_89' title='bbox 1000 2019 1039 2065; x_wconf 80' lang='lat' dir='ltr'><strong>eet</strong></span> <span class='ocrx_word' id='word_1_90' title='bbox 1054 2013 1124 2065; x_wconf 78' lang='lat' dir='ltr'><strong>cside</strong></span> <span class='ocrx_word' id='word_1_91' title='bbox 1136 2029 1170 2065; x_wconf 88' lang='lat' dir='ltr'><strong>on</strong></span> <span class='ocrx_word' id='word_1_92' title='bbox 1181 2014 1225 2065; x_wconf 88' lang='lat' dir='ltr'><strong>the</strong></span> <span class='ocrx_word' id='word_1_93' title='bbox 1235 2014 1332 2081; x_wconf 78' lang='lat' dir='ltr'><strong>ground</strong></span> <span class='ocrx_word' id='word_1_94' title='bbox 1344 2014 1373 2066; x_wconf 78' lang='lat' dir='ltr'><strong>oi</strong></span> 
     </span>
     <span class='ocr_line' id='line_1_13' title="bbox 202 2095 1371 2164; baseline 0.002 -18"><span class='ocrx_word' id='word_1_95' title='bbox 202 2096 372 2161; x_wconf 74' lang='lat' dir='ltr'><strong>illegitimecy,</strong></span> <span class='ocrx_word' id='word_1_96' title='bbox 385 2095 435 2146; x_wconf 74' lang='lat' dir='ltr'><strong>end</strong></span> <span class='ocrx_word' id='word_1_97' title='bbox 456 2096 546 2146; x_wconf 84' lang='lat' dir='ltr'><strong>retired</strong></span> <span class='ocrx_word' id='word_1_98' title='bbox 568 2105 595 2146; x_wconf 87' lang='lat' dir='ltr'><strong>to</strong></span> <span class='ocrx_word' id='word_1_99' title='bbox 616 2096 724 2157; x_wconf 72' lang='lat' dir='ltr'><strong>lrelend,</strong></span> <span class='ocrx_word' id='word_1_100' title='bbox 747 2097 829 2147; x_wconf 82' lang='lat' dir='ltr'><strong>where</strong></span> <span class='ocrx_word' id='word_1_101' title='bbox 844 2097 877 2147; x_wconf 90' lang='lat' dir='ltr'><strong>he</strong></span> <span class='ocrx_word' id='word_1_102' title='bbox 894 2096 981 2148; x_wconf 79' lang='lat' dir='ltr'><strong>issaid</strong></span> <span class='ocrx_word' id='word_1_103' title='bbox 995 2104 1023 2147; x_wconf 89' lang='lat' dir='ltr'><strong>to</strong></span> <span class='ocrx_word' id='word_1_104' title='bbox 1035 2096 1099 2147; x_wconf 79' lang='lat' dir='ltr'><strong>heve</strong></span> <span class='ocrx_word' id='word_1_105' title='bbox 1120 2097 1195 2162; x_wconf 77' lang='lat' dir='ltr'><strong>given</strong></span> <span class='ocrx_word' id='word_1_106' title='bbox 1215 2096 1319 2148; x_wconf 79' lang='lat' dir='ltr'><strong>himself</strong></span> <span class='ocrx_word' id='word_1_107' title='bbox 1336 2112 1371 2164; x_wconf 86' lang='lat' dir='ltr'><strong>op</strong></span> 
     </span>
     <span class='ocr_line' id='line_1_14' title="bbox 203 2176 1371 2244; baseline 0.003 -16"><span class='ocrx_word' id='word_1_108' title='bbox 203 2185 230 2228; x_wconf 90' lang='lat' dir='ltr'><strong>to</strong></span> <span class='ocrx_word' id='word_1_109' title='bbox 241 2177 284 2228; x_wconf 89' lang='lat' dir='ltr'><strong>the</strong></span> <span class='ocrx_word' id='word_1_110' title='bbox 295 2177 369 2242; x_wconf 81' lang='lat' dir='ltr'><strong>study</strong></span> <span class='ocrx_word' id='word_1_111' title='bbox 381 2177 410 2228; x_wconf 79' lang='lat' dir='ltr'><strong>ot</strong></span> <span class='ocrx_word' id='word_1_112' title='bbox 418 2176 575 2242; x_wconf 80' lang='lat' dir='ltr'><strong>philosophy.</strong></span> <span class='ocrx_word' id='word_1_113' title='bbox 611 2179 713 2241; x_wconf 76' lang='lat' dir='ltr'><strong>Among</strong></span> <span class='ocrx_word' id='word_1_114' title='bbox 726 2178 768 2227; x_wconf 89' lang='lat' dir='ltr'><strong>the</strong></span> <span class='ocrx_word' id='word_1_115' title='bbox 781 2178 844 2227; x_wconf 86' lang='lat' dir='ltr'><strong>lrish</strong></span> <span class='ocrx_word' id='word_1_116' title='bbox 857 2178 889 2229; x_wconf 90' lang='lat' dir='ltr'><strong>he</strong></span> <span class='ocrx_word' id='word_1_117' title='bbox 902 2194 952 2229; x_wconf 77' lang='lat' dir='ltr'><strong>was</strong></span> <span class='ocrx_word' id='word_1_118' title='bbox 964 2179 1095 2241; x_wconf 75' lang='lat' dir='ltr'><strong>semiliady</strong></span> <span class='ocrx_word' id='word_1_119' title='bbox 1102 2179 1195 2230; x_wconf 73' lang='lat' dir='ltr'><strong>known</strong></span> <span class='ocrx_word' id='word_1_120' title='bbox 1205 2179 1239 2244; x_wconf 78' lang='lat' dir='ltr'><strong>hy</strong></span> <span class='ocrx_word' id='word_1_121' title='bbox 1247 2179 1290 2230; x_wconf 89' lang='lat' dir='ltr'><strong>the</strong></span> <span class='ocrx_word' id='word_1_122' title='bbox 1297 2195 1371 2233; x_wconf 79' lang='lat' dir='ltr'><strong>neme</strong></span> 
     </span>
     <span class='ocr_line' id='line_1_15' title="bbox 202 2259 1372 2328; baseline 0.003 -17"><span class='ocrx_word' id='word_1_123' title='bbox 202 2260 232 2311; x_wconf 80' lang='lat' dir='ltr'><strong>oi</strong></span> <span class='ocrx_word' id='word_1_124' title='bbox 240 2261 321 2311; x_wconf 77' lang='lat' dir='ltr'><strong>Flerm</strong></span> <span class='ocrx_word' id='word_1_125' title='bbox 331 2260 402 2311; x_wconf 79' lang='lat' dir='ltr'><strong>Fine.</strong></span> <span class='ocrx_word' id='word_1_126' title='bbox 415 2259 552 2311; x_wconf 80' lang='lat' dir='ltr'><strong>Pinkerton</strong></span> <span class='ocrx_word' id='word_1_127' title='bbox 561 2260 672 2324; x_wconf 79' lang='lat' dir='ltr'><strong>wrongly</strong></span> <span class='ocrx_word' id='word_1_128' title='bbox 683 2259 813 2310; x_wconf 84' lang='lat' dir='ltr'><strong>identified</strong></span> <span class='ocrx_word' id='word_1_129' title='bbox 824 2261 877 2310; x_wconf 89' lang='lat' dir='ltr'><strong>him</strong></span> <span class='ocrx_word' id='word_1_130' title='bbox 895 2261 955 2310; x_wconf 81' lang='lat' dir='ltr'><strong>with</strong></span> <span class='ocrx_word' id='word_1_131' title='bbox 968 2260 1091 2323; x_wconf 75' lang='lat' dir='ltr'><strong>Alchlrid,</strong></span> <span class='ocrx_word' id='word_1_132' title='bbox 1105 2261 1269 2328; x_wconf 75' lang='lat' dir='ltr'><strong>elegitimete</strong></span> <span class='ocrx_word' id='word_1_133' title='bbox 1284 2278 1330 2314; x_wconf 80' lang='lat' dir='ltr'><strong>son</strong></span> <span class='ocrx_word' id='word_1_134' title='bbox 1344 2270 1372 2314; x_wconf 90' lang='lat' dir='ltr'><strong>ot</strong></span> 
     </span>
     <span class='ocr_line' id='line_1_16' title="bbox 202 2340 1372 2408; baseline 0.003 -13"><span class='ocrx_word' id='word_1_135' title='bbox 202 2342 291 2408; x_wconf 74' lang='lat' dir='ltr'><strong>Orwy,</strong></span> <span class='ocrx_word' id='word_1_136' title='bbox 308 2341 365 2393; x_wconf 75' lang='lat' dir='ltr'><strong>who</strong></span> <span class='ocrx_word' id='word_1_137' title='bbox 383 2357 435 2392; x_wconf 74' lang='lat' dir='ltr'><strong>was</strong></span> <span class='ocrx_word' id='word_1_138' title='bbox 447 2340 561 2392; x_wconf 71' lang='lat' dir='ltr'><strong>invented</strong></span> <span class='ocrx_word' id='word_1_139' title='bbox 576 2340 637 2390; x_wconf 72' lang='lat' dir='ltr'><strong>with</strong></span> <span class='ocrx_word' id='word_1_140' title='bbox 652 2341 720 2406; x_wconf 74' lang='lat' dir='ltr'><strong>regu</strong></span> <span class='ocrx_word' id='word_1_141' title='bbox 739 2357 823 2406; x_wconf 70' lang='lat' dir='ltr'><strong>power</strong></span> <span class='ocrx_word' id='word_1_142' title='bbox 839 2342 873 2407; x_wconf 85' lang='lat' dir='ltr'><strong>by</strong></span> <span class='ocrx_word' id='word_1_143' title='bbox 886 2342 925 2393; x_wconf 80' lang='lat' dir='ltr'><strong>hie</strong></span> <span class='ocrx_word' id='word_1_144' title='bbox 939 2343 1026 2405; x_wconf 78' lang='lat' dir='ltr'><strong>iether,</strong></span> <span class='ocrx_word' id='word_1_145' title='bbox 1047 2344 1092 2395; x_wconf 87' lang='lat' dir='ltr'><strong>bnt</strong></span> <span class='ocrx_word' id='word_1_146' title='bbox 1109 2344 1169 2397; x_wconf 87' lang='lat' dir='ltr'><strong>died</strong></span> <span class='ocrx_word' id='word_1_147' title='bbox 1186 2352 1213 2397; x_wconf 79' lang='lat' dir='ltr'><strong>et</strong></span> <span class='ocrx_word' id='word_1_148' title='bbox 1231 2360 1265 2397; x_wconf 77' lang='lat' dir='ltr'><strong>en</strong></span> <span class='ocrx_word' id='word_1_149' title='bbox 1283 2345 1372 2398; x_wconf 71' lang='lat' dir='ltr'><strong>earlier</strong></span> 
     </span>
     <span class='ocr_line' id='line_1_17' title="bbox 202 2422 798 2489; baseline 0 -14"><span class='ocrx_word' id='word_1_150' title='bbox 202 2425 269 2477; x_wconf 73' lang='lat' dir='ltr'><strong>date.</strong></span> <span class='ocrx_word' id='word_1_151' title='bbox 313 2424 361 2477; x_wconf 85' lang='lat' dir='ltr'><strong>See</strong></span> <span class='ocrx_word' id='word_1_152' title='bbox 374 2425 478 2484; x_wconf 67' lang='lat' dir='ltr'><strong>Remea,</strong></span> <span class='ocrx_word' id='word_1_153' title='bbox 492 2424 604 2474; x_wconf 70' lang='lat' dir='ltr'><strong>Adanu.</strong></span> <span class='ocrx_word' id='word_1_154' title='bbox 618 2439 671 2489; x_wconf 80' lang='lat' dir='ltr'><strong>pp..</strong></span> <span class='ocrx_word' id='word_1_155' title='bbox 686 2422 798 2487; x_wconf 82' lang='lat'>186·187.</span> 
     </span>
    </p>
   </div>
   <div class='ocr_carea' id='block_1_5' title="bbox 0 0 1625 5520">
    <p class='ocr_par' dir='ltr' id='par_1_6' title="bbox 0 0 1625 5520">
     <span class='ocr_line' id='line_1_18' title="bbox 0 0 1625 5520; baseline 0 0"><span class='ocrx_word' id='word_1_156' title='bbox 0 0 1625 5520; x_wconf 95' lang='lat' dir='ltr'><strong> </strong></span> 
     </span>
    </p>
   </div>
  </div>
 </body>
</html>
