3226 5520
672 482 935 555 NINIANI.
1342 494 1381 571 35

218 694 375 760 columba
386 714 470 774 mea,
479 703 514 760 et
524 694 599 760 veni
612 715 621 776 ;
639 693 710 779 jam
722 694 812 759 enim
824 693 942 776 hyems
953 692 1091 772 transiit,
1102 691 1244 777 hymber
1257 692 1339 758 abiit
1350 701 1385 758 et

219 800 359 864 recessit
397 800 493 865 Tunc
504 808 602 877 certe,
610 799 658 864 vir
670 798 785 863 beatel
804 797 922 881 hyems
936 797 997 862 tibi
1013 797 1150 876 transiit,
1159 800 1295 881 quando
1305 796 1383 862 coel-

219 914 324 969 estem
347 903 438 969 illam
461 904 602 988 patriam
623 901 841 986 contemplari
862 901 948 966 felici
963 900 1061 966 oculo
1083 901 1269 980 merebaris,
1283 921 1383 985 quam

220 1007 270 1071 sol
283 1008 421 1091 justitiae
437 1007 561 1073 lumine
573 1027 642 1072 suae
657 1007 815 1071 claritatis
827 1005 977 1084 illustrat,
986 1025 1086 1089 quam
1102 1006 1273 1071 succendit
1284 1026 1386 1085 amor,

220 1132 321 1196 quam
337 1111 496 1176 mirabilis
511 1131 619 1177 rerum
635 1111 785 1195 aequitas,
800 1111 894 1194 quasi
909 1131 1010 1174 verna
1030 1111 1184 1194 quaedam
1201 1111 1386 1195 temperies,

221 1216 380 1300 temporis
397 1214 557 1281 ineffabili
579 1216 707 1282 unitate
729 1213 905 1279 modificat.
950 1215 1046 1280 Tunc
1069 1215 1128 1280 tibi
1153 1216 1315 1299 hyemalis
1338 1217 1385 1280 in·

221 1321 398 1404 temperies
423 1340 499 1404 quae
526 1320 638 1384 omnia
665 1319 736 1384 haec
762 1329 892 1383 terrena
917 1319 1141 1403 distemperat,
1165 1340 1241 1403 quae
1268 1319 1386 1404 frigida

221 1423 411 1489 mortalium
426 1425 527 1489 corda
541 1424 630 1488 vitiis
645 1424 844 1489 irruentibus
859 1424 964 1499 durat,
977 1424 1009 1486 in
1026 1444 1093 1507 qua
1108 1424 1205 1507 plene
1229 1444 1288 1489 nec
1303 1424 1386 1488 veri·

222 1537 273 1592 tas
289 1528 385 1608 lucet,
397 1548 458 1594 nec
473 1530 593 1594 caritas
607 1530 711 1606 ardet,
722 1529 852 1592 transiit
866 1538 901 1592 et
916 1529 1057 1605 recessit,
1070 1529 1267 1612 ymbresque
1280 1536 1386 1611 temp·

222 1633 396 1711 tationum,
411 1653 450 1697 ac
473 1634 738 1717 persecutionum
762 1632 949 1716 grandines,
963 1633 1075 1696 anima
1098 1632 1154 1696 illa
1175 1643 1299 1710 sancta,
1315 1652 1388 1715 per·

223 1735 308 1801 lecte
322 1737 539 1821 triumphans,
552 1739 585 1801 in
600 1736 740 1821 gloriam
752 1746 921 1820 perpetuae
936 1736 1111 1801 viriditatis
1126 1737 1237 1801 evasit
1267 1737 1389 1814 Flores,

223 1840 338 1924 inquit,
353 1851 577 1925 apparuerunt
593 1843 626 1905 in
650 1851 736 1905 terra
756 1850 877 1904 nostra
923 1840 976 1904 De
994 1839 1129 1904 floribus
1143 1841 1268 1923 quippe
1291 1840 1389 1904 Para·

223 1945 296 2022 disi,
311 1945 394 2009 odor
408 1945 468 2011 tibi
484 1946 636 2024 coelestis,
652 1945 749 2009 beate
772 1944 930 2009 Ninianel
952 1944 1109 2028 spirabat,
1129 1946 1265 2028 quando
1280 1945 1340 2008 tibi
1355 1954 1390 2010 et

224 2059 479 2131 purpuratorum
503 2059 537 2113 et
559 2048 812 2112 candidatorum
835 2068 928 2132 grex,
943 2048 1036 2132 quasi
1060 2048 1316 2112 familiarissimo
1330 2068 1391 2113 suo

224 2151 316 2217 vultu
341 2153 473 2236 placido
498 2153 672 2230 arridebat.
687 2162 722 2217 et
747 2154 790 2217 ad
814 2172 910 2217 suurn
938 2161 971 2216 te
993 2154 1194 2217 consortium
1218 2154 1391 2230 invitabat,

224 2276 324 2338 quem
355 2256 509 2321 nimirum
542 2265 576 2320 et
605 2256 741 2319 castitas
767 2256 956 2332 candidum,
983 2266 1171 2319 etruscum
1202 2255 1391 2320 reddiderat

226 2361 352 2424 caritas
399 2361 488 2424 Nam
511 2361 572 2424 etsi
591 2359 722 2423 occasio
737 2360 916 2442 corporalis
939 2358 1036 2442 hujus
1055 2361 1192 2423 martirii
1209 2379 1274 2422 non
1292 2380 1391 2443 praes-

226 2464 294 2529 titit
306 2464 447 2547 signum,
459 2465 524 2542 illa,
536 2465 606 2528 sine
618 2483 685 2547 qua
696 2464 879 2528 martirium
893 2463 992 2526 nichil
1008 2473 1067 2542 est,
1079 2463 1215 2526 martirii
1228 2464 1391 2542 meritum,

226 2587 293 2632 non
322 2569 464 2650 negavit
510 2567 675 2651 Quotiens
700 2569 788 2632 enim
811 2587 847 2631 se
870 2567 989 2651 gladiis
1015 2568 1136 2650 optulit
1155 2588 1392 2651 perversorum,

225 2672 380 2754 quotiens
402 2692 447 2750 se,
469 2691 589 2756 proper
610 2671 784 2756 justitiam,
807 2673 987 2736 titanorum
1014 2673 1114 2736 armis
1140 2673 1306 2755 exposuit,
1332 2693 1393 2755 pro

227 2776 366 2841 veritate
380 2786 516 2860 paratus
531 2776 736 2855 occumbere,
752 2776 835 2840 mori
851 2796 912 2860 pro
923 2775 1071 2860 justitia!
1118 2776 1239 2841 Merito
1255 2796 1334 2861 ergo
1348 2777 1391 2841 ad

227 2878 323 2944 flores
335 2900 482 2945 rosarum
498 2889 532 2944 et
548 2879 616 2944 lilia
630 2879 840 2959 convallium,
852 2881 923 2965 ipse
937 2890 1138 2965 purpuratus
1149 2891 1184 2945 et
1195 2882 1393 2946 candidatus

227 2984 412 3061 adciscitur,
427 2986 609 3049 ascendens
632 2985 674 3048 de
701 2983 841 3061 Libano,
857 2993 893 3048 ut
909 2984 994 3048 inter
1012 2984 1160 3048 coelestia
1182 2985 1317 3067 agmina
1339 3005 1393 3048 co·

227 3097 369 3152 ronetur.
399 3087 549 3172 Tempus
564 3087 654 3152 enim
670 3087 853 3170 putationis
867 3087 1019 3168 advenit3
1033 3088 1127 3171 quasi
1144 3100 1293 3152 maturus
1303 3087 1392 3152 enim

229 3190 343 3257 botrus
355 3190 426 3275 jam
442 3211 463 3256 a
478 3192 591 3277 stipite
606 3192 761 3274 corporis,
770 3190 822 3255 vel
837 3211 858 3256 a
873 3201 1012 3256 terrenae
1027 3190 1125 3274 hujus
1136 3190 1283 3256 ccclesiae
1298 3191 1395 3256 vinea

229 3297 335 3364 suerat
345 3301 581 3384 amputandus,
593 3299 770 3383 liquandus
785 3300 931 3378 caritate,
943 3308 978 3363 et
992 3299 1027 3363 in
1041 3298 1190 3382 apotecis
1204 3297 1395 3363 coelestibus

228 3404 465 3468 recondendus

274 3506 397 3573 Beatus
408 3507 521 3591 itaque
537 3506 702 3573 Ninianus
713 3507 782 3573 vita
793 3505 966 3591 perlectus,
978 3516 1078 3571 aetate
1091 3514 1248 3586 maturus,
1260 3505 1397 3572 feliciter

230 3611 384 3696 migravit
398 3632 418 3676 e
432 3613 596 3690 mundo¹;
613 3621 804 3696 aeternaque
818 3621 1034 3697 percepturus
1048 3612 1223 3694 stipendia,
1237 3610 1397 3695 angelicis

228 3714 399 3799 spiritibus
411 3715 649 3780 comitantibus
664 3716 829 3781 invehitur
849 3714 944 3779 coelo
991 3714 1059 3781 Ubi
1076 3715 1231 3780 nimirum
1249 3713 1396 3798 Aposto-

229 3816 301 3882 licis
315 3816 423 3884 eboris
437 3817 590 3898 sociatus,
605 3819 777 3884 martirum
792 3817 965 3883 admixtus
979 3817 1102 3896 cuneb,
1110 3826 1301 3883 sanctorum
1316 3836 1397 3882 con·

264 4046 401 4098 ¹Bsrbont
411 4045 728 4113 gimtnuedneots.
742 4042 954 4108 Ninian’sdestb,
968 4045 1038 4112 Sept.
1054 4043 1094 4107 16,
1107 4055 1164 4097 ab.
1180 4054 1236 4109 332.

531 4142 904 4194 'anstuda-rumque

554 4210 872 4265 orsas-momen,

555 4276 912 4331 Mummiam.

559 4343 953 4398 FrsCrlnlsblrthtbrslrullrm

556 4410 962 4465 nam-smyrnum*
986 4409 1111 4463 [Νη-6η.

231 4492 1398 4564 Tnedsymdmumummuboinmseuuim’rnsybsngsspersr

232 4579 900 4648 methymnaeus-squammeus.
