3226 5520
632 493 977 569 uAcrlARu.

247 702 313 753 Vos.
348 700 451 753 ΔΜΒ
461 716 520 753 emn
531 700 663 752 Dninus.

240 803 313 868 Resp-
349 801 428 854 Stols.

253 903 373 953 mail.
409 899 712 953 Secremsolemnitstem
731 897 1383 967 sennlendiximietssnetipstsisnnstrilisurieii,

220 981 838 1050 diguiscumlsudrlsuseelebrstumdeipeius
861 983 1385 1049 nnnull'nvitaegestisetmirseulorum

221 1064 806 1132 insigniispiemeditsndoensrrsreeonueuit.
843 1064 1385 1130 Nensientiejmrenmmrnurowx

221 1151 336 1215 Syenem
351 1157 431 1215 petre,
450 1147 646 1199 lirbernensium
662 1147 757 1212 mulo,
775 1154 802 1198 et
818 1146 951 1212 Synthens
967 1147 1167 1212 metreejusdem
1183 1148 1268 1214 regim
1284 1148 1385 1199 bertum

221 1232 370 1282 Msurieinm
380 1231 493 1296 genitum
504 1230 579 1280 fuisse
589 1229 765 1296 comperimus,
777 1238 803 1280 et
813 1245 829 1280 s
839 1229 996 1280 nnctimmo
1007 1237 1077 1296 petre
1088 1228 1212 1280 Colmsun
1222 1230 1384 1296 beptisstum,

220 1313 363 1365 cuiuomen
376 1313 495 1378 imposuit
511 1312 691 1362 Mommmsm.
727 1310 804 1362 Hune
819 1310 935 1377 equidem
952 1326 1051 1362 morum
1066 1318 1197 1377 petentum
1213 1327 1272 1362 curs
1287 1318 1313 1362 et
1329 1311 1385 1361 dili·

220 1396 306 1462 gentis
318 1411 368 1446 nnn
379 1394 483 1446 minim
492 1394 624 1446 eduestum
635 1401 662 1445 et
673 1393 793 1445 nutritum
804 1393 951 1445 invenimus

239 1496 313 1560 Resp.
348 1494 502 1546 Adolescens
513 1508 621 1560 superno
631 1492 733 1559 plsmit.

352 1577 386 1628 Et
396 1592 424 1628 se
434 1576 531 1628 cunetis
541 1576 610 1642 pium
622 1574 743 1636 exhibuit,

352 1659 429 1712 Unde
438 1659 530 1710 mlum
540 1657 638 1724 ingredi
650 1657 748 1710 meruit.

249 1755 315 1807 Vm.
350 1755 424 1807 Vites
434 1756 537 1807 verbum
551 1755 635 1806 multis
645 1753 750 1821 spuit,

350 1840 435 1904 Atque
445 1837 498 1889 vits
508 1837 576 1889 besti
586 1836 675 1890 claruit
685 1855 694 1888 ε

353 1920 436 1982 Unde,
450 1925 498 1971 etc.

253 2037 390 2088 Letts'oll.
435 2032 1386 2103 Equidemiueodedieiudiemeresnebetvirtusneietgndset

221 2120 311 2186 sepius
321 2118 507 2170 nouiortsbstur
518 2117 661 2169 visitetione
671 2116 792 2183 eugelins.
828 2117 895 2166 Nem
907 2116 1017 2183 quodem
1032 2123 1144 2182 ternpore
1159 2116 1219 2166 dum
1236 2124 1307 2182 peter
1322 2115 1384 2182 eim,

221 2199 404 2266 rexpraeistus.
425 2216 483 2250 curn
502 2197 1082 2263 suisministrisdesmbulsretjuxtsdomum
1104 2195 1387 2262 inquspuerssuctus

221 2282 384 2342 nutriebetur,
396 2282 524 2333 desursum
536 2280 670 2347 respiciens
679 2279 821 2346 diligenter,
833 2278 896 2330 vidit
907 2280 1009 2345 engelns
1025 2279 1075 2329 Dei
1086 2278 1118 2329 de
1128 2278 1193 2330 noeln
1203 2278 1385 2340 dbeeudentes.

221 2371 246 2414 et
266 2378 340 2430 super
359 2364 450 2413 lectum
468 2363 534 2413 illius
552 2363 643 2413 domus
659 2361 803 2423 solitsntes,
821 2376 1000 2426 nonuunqusm
1019 2376 1079 2412 sero
1097 2361 1200 2411 domum
1218 2360 1344 2411 intnbeut
1362 2370 1388 2412 et

221 2445 287 2497 cirus
297 2446 447 2497 cunsbulum
458 2445 529 2512 pueri
540 2446 676 2512 pallentes
690 2444 905 2495 desmbulsbents
921 2459 985 2510 quos
995 2443 1082 2494 videns
1098 2452 1169 2508 peter
1184 2443 1279 2509 ingenti
1295 2442 1388 2507 gsudio

221 2529 319 2579 sustulit
335 2528 456 2579 infantem
478 2529 510 2579 de
529 2527 600 2579 cuuis
615 2536 640 2579 et
657 2527 785 2578 benedixit
803 2527 887 2578 Deum
902 2526 946 2592 qui
968 2526 1044 2577 telem
1059 2525 1108 2576 ribi
1125 2526 1220 2577 mundo
1238 2526 1387 2592 produxerat

223 2611 328 2677 prolem.

240 2711 313 2777 Καρ.
350 2710 445 2760 Domst
456 2708 538 2760 carnis
549 2716 632 2759 motus
642 2708 750 2769 illicitos,

352 2791 437 2842 Vincit
449 2790 536 2840 mundi
547 2798 651 2841 conetur
661 2789 758 2852 noxios,

351 2871 422 2923 Terit
433 2870 512 2922 lsostis
522 2871 619 2938 sutiqui
631 2870 742 2922 tribulos.

250 2972 316 3024 Vos.
353 2973 451 3033 Munus,
467 2979 585 3034 mentem,
598 2972 715 3023 enrdiset
727 2971 812 3022 oculus

353 3055 397 3106 Pie
409 3054 515 3106 tendens
526 3069 624 3120 semper
634 3053 667 3104 ed
678 3068 788 3119 superus,

352 3137 431 3199 Tesit,
443 3145 491 3189 etc.

256 3254 337 3305 Lectio
348 3254 403 3305 ΙΙΙ.
440 3253 487 3304 Per
497 3253 566 3319 quod
580 3268 639 3304 vero
651 3260 749 3318 tempus
759 3250 851 3303 eccidit
862 3259 889 3302 ut
908 3251 994 3318 regins
1003 3252 1105 3318 preists
1116 3252 1209 3305 interes
1220 3261 1322 3320 peperet
1333 3253 1388 3307 viro

223 3352 269 3388 suo
285 3338 390 3388 alterum
407 3336 494 3397 filium,
514 3336 557 3401 qui
574 3335 600 3386 in
617 3343 672 3387 ortu
689 3334 800 3400 ejusdem
819 3342 899 3386 morte
915 3343 1054 3400 praeventus
1066 3336 1162 3396 luerste
1178 3336 1210 3387 de
1221 3337 1291 3402 cujus
1308 3346 1388 3389 morte

223 3435 280 3469 cum
291 3419 345 3484 ejus
357 3427 410 3468 tota
422 3416 516 3468 familis
527 3417 661 3482 plurimum
672 3416 890 3477 contristsbsntur,
909 3417 935 3468 iu
950 3417 1037 3469 dolore
1053 3433 1083 3469 sc
1100 3419 1199 3469 tristitie
1215 3434 1266 3470 nou
1278 3419 1388 3470 minimis

225 3501 401 3553 efficiebeutur.
439 3501 490 3552 Sed
507 3516 548 3551 res
566 3500 592 3550 in
609 3516 635 3551 se
652 3515 762 3550 reversus
775 3499 933 3551 senctitstem
950 3499 996 3550 lilii
1011 3499 1049 3551 sui
1060 3500 1219 3566 primogeniti
1236 3501 1388 3553 Mocummae

223 3598 429 3644 eommemoreus.
441 3582 514 3650 jussit
526 3582 646 3633 infantem
658 3590 782 3632 mortuum
794 3582 840 3632 sub
851 3582 929 3648 pellio
938 3581 1049 3648 ejsudem
1066 3582 1112 3634 filii
1127 3583 1164 3633 sui
1179 3583 1294 3649 supponi
1330 3585 1388 3648 Quo

223 3665 305 3731 posito
316 3680 374 3715 mor
387 3664 475 3713 mirum
486 3663 512 3714 iu
521 3664 622 3714 modum
635 3662 818 3729 quamprimum
830 3673 857 3714 ut
868 3678 927 3714 nero
937 3663 1028 3714 mortui
1038 3678 1138 3715 usruem
1150 3664 1270 3730 tetigisset
1281 3664 1387 3717 virentis

223 3747 399 3813 paululumque
417 3745 532 3797 eslitects
555 3745 632 3810 eoepit
651 3761 677 3796 se
702 3760 803 3798 movere
820 3752 846 3797 et
865 3746 1009 3812 querulosus
1027 3745 1158 3798 iuientium
1177 3762 1247 3799 more
1263 3747 1388 3800 snlmetus

223 3829 352 3880 emittebat
364 3844 444 3879 voees.

242 3929 314 3994 Resp.
350 3927 374 3979 0
387 3943 425 3978 res
437 3926 499 3977 miss
512 3935 636 3993 sceptrum
647 3925 781 3991 despicitur

352 4011 436 4074 Atque
449 4007 535 4058 mundi
546 4007 621 4059 decus
632 4008 807 4068 nontemnitur‚

353 4090 386 4140 Et
399 4096 531 4156 peupertes
541 4088 618 4154 gustis
628 4088 734 4154 eligitur.

251 4190 316 4243 Vm.
353 4189 386 4240 Et
397 4195 451 4240 tots
463 4196 546 4240 mente
558 4187 672 4240 Christus
682 4187 793 4254 diligitur

352 4272 391 4323 Ac
403 4287 449 4337 pro
461 4270 562 4323 Christo
573 4286 663 4338 eorpus
672 4268 797 4337 elligitur,

353 4356 386 4406 Et
398 4371 454 4421 peu
490 4351 585 4406 Gloris.

290 4474 322 4523 In
334 4473 373 4523 ΙΙ.
387 4472 524 4523 umam.

255 4573 317 4623 Ant.
353 4574 423 4638 Aper
435 4570 501 4622 ierus
513 4570 603 4622 leriens
614 4569 697 4636 fruges
708 4567 789 4620 husto
799 4567 884 4628 dente,

354 4652 465 4708 Vertitur
476 4652 502 4705 iu
514 4651 633 4720 lapidem,
645 4650 695 4705 lios
705 4657 793 4704 ssueto
799 4649 911 4720 lubente.
