3226 5520
251 484 293 550 28
762 481 909 549 VITA

248 689 424 755 herbarum
441 689 563 753 mensis
578 688 768 771 inpositum,
783 696 882 751 vocat
897 687 1030 751 fratrem
1046 686 1098 751 cui
1115 685 1221 750 suerat
1235 686 1323 750 horti
1338 707 1416 752 cura

248 795 435 871 commissa,
450 793 635 877 quaeritque
652 811 760 856 causae
783 791 863 874 quid
887 789 983 855 suerit
1005 790 1094 873 quod
1121 789 1219 854 nichil
1243 810 1414 873 porrorum

247 897 298 963 vel
316 897 501 975 herbarum,
518 895 673 960 fratribus
688 915 728 960 ea
743 895 798 961 die
813 904 900 958 esset
915 894 1113 978 appositum.
1160 889 1206 958 Et
1221 892 1297 958 ille:
1319 893 1416 972 Vere,

249 1011 351 1088 pater,
373 1001 530 1085 quicquid
546 1019 718 1084 porrorum
732 997 785 1063 vel
807 997 997 1082 hujusmodi
1020 1008 1199 1081 supererat,
1209 998 1310 1063 hodie
1321 1008 1417 1064 terrae

250 1105 415 1182 mandavi,
451 1124 511 1169 nec
551 1104 674 1188 aliquid
714 1103 822 1168 adhuc
863 1112 978 1186 aptum
1017 1103 1086 1167 esui
1126 1112 1218 1167 ortus
1256 1103 1417 1185 produxit

249 1209 345 1276 Tunc
367 1209 531 1276 Sanctus:
554 1209 660 1286 Vade,
676 1207 840 1291 inquitet
862 1207 1019 1290 quicquid
1043 1207 1204 1271 invenerit
1219 1227 1338 1272 manus
1360 1216 1419 1272 tua

249 1313 339 1389 tolle,
363 1323 397 1378 et
419 1312 500 1377 affer
523 1313 564 1377 ad
593 1331 654 1376 me.
700 1310 842 1374 Miratus
865 1310 920 1373 ille
943 1309 1054 1374 stabat
1080 1310 1236 1393 trepidus,
1260 1310 1418 1374 haesitans

251 1419 332 1503 quid
362 1418 491 1503 iaceret
546 1416 663 1483 Sciens
688 1425 800 1480 tamen
831 1414 929 1477 nichil
960 1413 1080 1478 frustra
1111 1414 1293 1478 Ninianum
1320 1434 1418 1498 posse

250 1523 438 1606 praecipere,
453 1521 586 1586 hortum
603 1519 855 1584 cunctabundus
878 1519 1068 1602 ingreditur.
1114 1519 1201 1583 Mira
1223 1539 1283 1596 res,
1301 1528 1334 1583 et
1355 1519 1418 1583 illis
1490 1603 1491 1606 Ἴ

250 1636 391 1704 tantum,
421 1626 478 1709 qui
509 1625 640 1691 fidelem
671 1623 770 1688 nichil
809 1642 874 1686 non
913 1644 1011 1706 posse
1040 1622 1214 1688 confidunt
1244 1623 1419 1687 credibilis.

251 1732 355 1797 Videt
371 1751 494 1816 porros,
509 1730 639 1813 aliaque
655 1728 830 1793 herbarum
847 1748 976 1811 genera,
993 1747 1059 1791 non
1075 1727 1182 1792 solum
1199 1728 1348 1805 crevisse,
1360 1728 1418 1791 sed

251 1836 352 1901 etiam
369 1855 482 1899 semen
499 1834 705 1918 produxisse.
751 1833 873 1916 Stupet
895 1832 957 1909 ille,
972 1841 1007 1896 et
1028 1832 1122 1916 quasi
1139 1831 1245 1896 iactus
1260 1833 1293 1896 in
1309 1833 1419 1896 extasi

252 1941 441 2004 aestimabat
457 1939 614 2003 sevisum
635 1939 754 2002 videre.
801 1939 965 2001 Reversus
987 1938 1124 2000 tandem
1146 1937 1179 2000 in
1195 1938 1420 2020 semetipsum,

251 2053 285 2108 et
311 2044 417 2107 sancti
447 2043 508 2107 viri
538 2043 694 2106 virtutem
725 2042 768 2106 ad
794 2041 987 2105 memoriam
1012 2060 1178 2117 revocans,
1200 2041 1271 2124 agit
1296 2042 1420 2123 gratias

253 2147 328 2211 Deo
343 2168 351 2226 ;
373 2167 577 2231 carpensque
593 2156 754 2230 quantum
772 2145 920 2209 sufficere
938 2144 1120 2222 videbatur,
1135 2154 1213 2209 ante
1228 2143 1419 2228 pontificem

252 2270 378 2315 mensae
401 2252 567 2335 imposuit.
614 2249 794 2335 Aspiciunt
816 2271 851 2314 se
875 2260 991 2313 mutuo
1013 2250 1171 2328 convivae,
1187 2249 1364 2332 Deumque
1387 2250 1420 2312 in

251 2357 377 2419 sanctis
392 2357 460 2420 suis
474 2366 678 2439 operantem,
693 2357 791 2419 corde
806 2354 904 2419 simul
921 2374 959 2417 ac
974 2375 1055 2418 voce
1072 2352 1306 2436 magnificant;
1326 2362 1360 2417 et
1375 2354 1422 2416 sic

253 2461 360 2525 multo
376 2460 493 2525 melius
511 2470 623 2526 mente
638 2480 739 2544 quam
755 2479 892 2544 corpore
907 2459 994 2543 pasti
1010 2458 1175 2522 recedunt

668 2975 862 3043 CAPUT
899 2965 1016 3041 VIIl.

612 3168 665 3233 De
679 3168 879 3233 animalibus
892 3168 1075 3248 etsuribus.

257 3366 423 3431 PLACUIT
445 3365 624 3448 aliquando
647 3365 856 3429 sanctissimo
880 3365 1033 3443 Niniano,
1050 3374 1200 3429 armenta
1217 3385 1277 3430 sua
1297 3374 1330 3430 et
1349 3386 1425 3449 pas-

256 3480 365 3535 torum
382 3489 515 3532 suorum
532 3469 664 3532 visitare
680 3470 819 3552 tuguria,
836 3469 949 3532 volens
964 3490 1081 3553 greges
1096 3490 1182 3546 suos,
1198 3490 1281 3552 quos
1297 3469 1329 3532 in
1346 3490 1424 3533 usus

256 3574 403 3647 fratrum,
416 3593 600 3655 pauperum
616 3593 749 3656 quoque
764 3585 797 3636 et
814 3574 1061 3657 peregrinorum
1078 3583 1325 3656 aggregaverat,
1337 3574 1423 3655 epis·

257 3678 383 3761 copalis
411 3676 650 3740 benedictionis
677 3698 748 3740 esse
771 3678 955 3760 participes.
1009 3677 1229 3761 Congregatis
1252 3677 1364 3760 itaque
1389 3677 1423 3741 in

257 3802 326 3846 uno
341 3781 453 3864 aliquo
469 3781 541 3843 loco
554 3781 761 3858 animalibus,
772 3801 847 3844 curn
864 3802 904 3845 ea
916 3781 1053 3844 Domini
1071 3781 1213 3844 famulus
1229 3782 1424 3863 aspexisset,

258 3885 394 3949 elevatis
420 3884 581 3961 manibus,
599 3905 635 3948 se
657 3895 690 3948 et
713 3886 826 3949 omnia
848 3906 908 3949 sua
931 3887 1052 3949 divinae
1075 3885 1234 3949 custodiae
1257 3905 1426 3949 commen-

259 3990 358 4056 davit
405 3989 574 4054 Circuiens
597 3990 718 4052 deinde
740 3989 853 4052 omnia
879 3988 998 4052 baculo
1022 3989 1074 4052 cui
1098 3987 1307 4064 innitebatur,
1331 3989 1426 4070 quasi

259 4094 502 4159 araciunculam
534 4094 698 4156 modicam
730 4095 989 4168 circumducens,
1021 4113 1158 4176 peccora
1185 4093 1427 4168 circumcinxit,

255 4198 377 4283 jubens
393 4206 430 4261 ut
455 4196 537 4260 inira
556 4198 740 4261 orbiculum
757 4197 848 4261 illum
868 4198 929 4261 sub
952 4199 1064 4261 divina
1087 4197 1238 4260 custodia
1260 4197 1372 4259 omnia
1387 4217 1428 4259 ea

260 4312 357 4367 nocte
387 4303 612 4366 consisterent.
675 4302 739 4364 His
774 4303 821 4365 ita
857 4303 967 4384 gestis,
998 4303 1040 4366 ad
1077 4303 1215 4365 domum
1254 4300 1426 4383 cujusdam

259 4406 408 4471 honestae
440 4415 600 4470 matronae
631 4406 679 4470 vir
710 4406 774 4469 Dei
801 4427 841 4470 ea
870 4415 976 4483 nocte,
1003 4406 1048 4469 ibi
1079 4404 1258 4488 quieturus,
1285 4405 1426 4468 divertit

260 4510 407 4576 Reiectis
428 4521 541 4576 autem
563 4511 639 4576 cibo
661 4510 862 4594 corporibus,
883 4511 985 4582 verbo
1009 4510 1073 4574 Dei
1097 4507 1273 4587 mentibus,
1293 4527 1369 4573 cum
1392 4528 1428 4586 se
