3226 5520
584 478 925 545 MACHARII.

195 682 267 747 Resp.
303 682 413 748 Campus
424 684 472 733 coli
484 684 564 734 cultro
575 684 716 749 praecipitur

302 764 386 814 Arena
399 781 442 829 per
453 765 535 815 sulcos
545 765 649 816 seritur:

301 845 398 896 Crescit
410 846 521 907 bladum,
534 847 621 897 messis
631 847 756 912 colligitur

303 929 361 978 Hoc
372 929 399 978 in
412 929 460 978 fide
471 928 566 980 Christi
577 929 710 995 perficitur.

202 1028 266 1077 Vers.
303 1027 425 1092 Adjuvari
437 1037 524 1078 natura
534 1028 629 1089 nititur,

303 1110 377 1174 Quod
389 1111 415 1160 in
426 1127 530 1176 granum
541 1127 616 1161 arena
627 1110 737 1162 vertitur.

303 1192 371 1253 Hoc,
385 1200 432 1244 etc.
469 1193 564 1244 Gloria.

207 1309 241 1359 In
252 1309 307 1360 ΙΙΙ.
324 1309 461 1361 Noctem.

206 1409 270 1458 Ant.
306 1408 342 1460 Ut
354 1409 445 1459 Paulus
456 1409 483 1459 in
494 1409 583 1475 pelago
595 1408 727 1474 naufragus
735 1410 844 1475 jacebat,

303 1490 357 1541 Sub
368 1490 435 1540 undu
445 1489 481 1540 sic
493 1490 613 1541 innocens
624 1489 695 1540 vivus
706 1491 849 1542 remanebat

498 1591 538 1641 Pr.
559 1591 669 1641 Domine
679 1590 736 1657 quis
747 1591 829 1653 (xlm).

206 1690 270 1740 Ant.
305 1689 399 1749 Genus,
413 1698 521 1754 gentem,
535 1688 640 1754 putrium
658 1688 728 1754 rugit,
742 1697 766 1740 et
777 1688 892 1749 honores,

304 1772 341 1824 Ut
351 1772 438 1823 salutis
450 1781 571 1838 quaereret
582 1771 664 1837 fruges
676 1771 798 1822 meliores.

497 1872 538 1922 Pr.
558 1871 668 1922 Domine
679 1870 706 1920 in
717 1870 808 1921 virtute
820 1872 891 1932 (xm).

206 1972 269 2020 Ant.
305 1972 424 2023 Sanctum
436 1971 515 2021 virum
527 1970 606 2036 gignit
618 1970 720 2021 Ibemin
732 1968 737 2035 Ι
751 1970 866 2022 edunuvit
877 1970 948 2021 illum
959 1970 1076 2030 Albania,

303 2053 381 2118 Cujus
392 2068 481 2119 corpus
491 2053 518 2102 in
529 2054 667 2104 reverentie
681 2053 686 2118 Ι
699 2053 851 2105 Turonensis
863 2061 931 2104 tenet
941 2054 1045 2105 ecclesie
1055 2072 1062 2103 ε

303 2135 382 2201 Cujus
393 2151 478 2201 preces
488 2144 514 2186 et
525 2136 663 2201 patrocinia
676 2135 681 2201 Ι
696 2152 742 2186 nos
754 2136 872 2200 perduunt
883 2136 916 2185 nd
927 2135 985 2186 ooeli
995 2134 1094 2200 gaudia,

497 2236 539 2286 Ps.
559 2236 662 2286 Domini
674 2243 711 2286 est
724 2236 897 2296 terminumn).

204 2334 269 2385 Verr.
301 2334 387 2400 Justus
398 2344 425 2385 ut
436 2335 520 2400 palme
531 2334 636 2396 florebit,
650 2344 697 2386 etc.

206 2434 347 2483 Secundum
365 2434 506 2483 Mattheum
524 2434 610 2486 XXV.
624 2436 690 2499 cplo:
711 2436 740 2484 ln
757 2434 802 2484 illo
819 2443 930 2502 ternpore
950 2435 1026 2485 homo
1045 2435 1146 2500 quidem
1162 2449 1264 2501 peregre
1281 2450 1336 2500 pto

175 2512 287 2565 ficiscens
297 2515 395 2565 vocavit
407 2531 491 2566 servos
502 2531 560 2566 suos
570 2525 594 2565 et
607 2517 708 2566 tradidit
722 2517 771 2566 illis
783 2517 849 2566 bona
860 2533 912 2576 sna,
926 2525 973 2568 etc.

207 2614 322 2663 Humilia
335 2614 473 2674 Haymonr's
484 2615 546 2679 Epi.
580 2615 662 2665 Lectio
678 2615 736 2665 VII.
768 2617 913 2667 Notandum
925 2625 1007 2666 nutem
1019 2616 1086 2681 quod
1099 2615 1210 2681 etisqui
1221 2616 1254 2667 de
1264 2615 1335 2681 quin·

174 2710 223 2760 que
234 2694 335 2745 talentis
345 2696 440 2755 decem,
454 2704 479 2745 et
490 2695 565 2761 isqui
576 2697 609 2747 de
624 2697 721 2746 duobus
737 2707 843 2763 quatuor
860 2698 1003 2762 reportavit,
1016 2698 1105 2762 aequali
1117 2712 1178 2747 voce
1194 2698 1337 2748 collaudan-

176 2785 223 2837 tur,
240 2792 298 2828 cnm
315 2778 413 2844 utrique
429 2793 444 2828 u
461 2778 564 2828 domino
580 2778 692 2830 dicetur:
713 2779 784 2845 Euge
800 2795 870 2830 serve
887 2781 953 2830 bone
972 2788 997 2831 et
1015 2780 1194 2845 fidelis-qnod
1210 2788 1256 2839 est,
1275 2781 1338 2830 bene

175 2860 264 2925 gaude.
301 2860 334 2909 Et
345 2859 451 2924 qualiter
467 2876 551 2911 servus
561 2876 618 2911 cum
629 2860 732 2911 domino
742 2862 858 2926 gaudent,
872 2861 1010 2911 declaretur
1021 2876 1078 2911 cum
1089 2861 1254 2911 subinfertur:
1272 2860 1339 2925 Quis

175 2957 248 3007 super
259 2957 338 3008 penos
349 2941 415 2992 luisti
428 2941 515 3000 tidelis,
529 2958 601 3008 super
612 2943 691 2992 multu
703 2950 727 2993 te
737 2943 898 3003 eonstituum,
911 2942 951 2993 eui
964 2950 1029 2992 recte
1040 2941 1211 3007 subjungitur:
1231 2941 1301 2992 lntrr
1311 2941 1339 2992 in

174 3024 293 3088 gaudium
304 3024 400 3073 domini
411 3024 447 3073 tui
457 3042 464 3074 r
476 3024 536 3089 qnia
546 3040 602 3074 cum
614 3024 689 3075 tentis
700 3032 725 3075 et
737 3040 783 3088 pro
794 3025 877 3084 tuntis,
889 3025 1028 3076 mercedem
1041 3024 1146 3090 recipiet
1157 3034 1264 3089 quantos
1274 3025 1338 3076 bene

175 3104 283 3156 virendo
294 3112 319 3155 et
329 3105 393 3155 bene
404 3104 519 3155 docendo
529 3106 637 3155 lucratus
647 3115 692 3155 est.
728 3105 776 3156 Tu.

199 3204 270 3265 Rerp.
305 3202 371 3252 Vitae
381 3211 473 3252 sanctur
485 3202 551 3253 lecto
562 3202 691 3264 curriculo,

306 3285 425 3336 Sanctum
436 3300 526 3350 corpus
537 3285 609 3335 detur
620 3285 781 3352 sarcophago,

307 3367 337 3416 1n
350 3366 453 3417 Martini
464 3367 544 3417 suncti
555 3367 679 3417 coenobio.

204 3465 268 3517 Verr.
303 3465 456 3516 Turonensis
468 3466 548 3532 ipsum
560 3467 680 3517 continuo

305 3547 443 3598 Venerutur
453 3563 551 3614 semper
562 3549 691 3615 obsequio.

307 3630 337 3680 ln
350 3629 453 3680 Martini
465 3639 513 3681 etc.

208 3744 290 3795 Lectr'o
307 3744 381 3795 VIII.
418 3745 450 3795 ln
460 3746 551 3809 quibus
560 3747 643 3797 verbis
659 3745 821 3812 intelligimus
836 3747 903 3812 quod
920 3746 958 3799 illi
975 3747 1093 3814 mojorem
1106 3749 1245 3800 mercedem
1256 3758 1340 3800 suntu

177 3826 289 3877 Domino
299 3826 326 3876 in
337 3834 430 3877 eterne
441 3827 492 3876 vitu
503 3828 624 3893 reoepturi
635 3829 679 3894 qui
689 3828 754 3879 bene
765 3829 873 3880 virendo
888 3830 921 3879 ud
937 3829 1043 3881 uliomm
1054 3831 1218 3883 eruditionem
1230 3833 1270 3883 vel
1278 3832 1339 3882 doe·

177 3909 267 3958 trinam
278 3909 438 3973 spiritualiter
449 3909 587 3975 inviligant.
624 3910 698 3974 Quod
709 3910 770 3962 alibi
781 3912 898 3963 dominus
909 3913 1018 3979 apertius
1029 3913 1147 3974 dederet,
1161 3930 1217 3965 curn
1235 3914 1339 3965 dicenti·

177 3991 223 4040 bus
234 3990 371 4055 Apostolis,
384 3990 501 4052 Domine,
511 3992 544 4042 ed
555 4007 601 4043 noe
609 3992 672 4043 dicis
683 3993 748 4044 hunc
755 3994 902 4059 perubolsm
910 4010 943 4044 un
955 3996 1024 4045 non?
1052 3996 1085 4046 Et
1096 3997 1128 4045 ed
1141 4010 1228 4046 omnes
1239 4011 1340 4062 respon·

177 4072 231 4121 dit:
257 4071 320 4135 Quis
341 4080 414 4136 putas
430 4080 467 4122 est
484 4072 564 4124 tidelis
580 4090 665 4124 nervus
683 4084 708 4125 et
726 4075 852 4140 prudens?
886 4076 968 4141 Quem
985 4077 1112 4128 eonrtituit
1132 4077 1249 4129 dominus
1267 4093 1340 4143 super

178 4152 297 4203 lumiliam
309 4169 378 4204 suam
390 4162 416 4203 ut
427 4154 470 4204 det
481 4154 532 4204 illis
542 4156 625 4207 cibum
637 4156 663 4207 in
674 4165 793 4222 tempore.
828 4159 919 4209 Beetus
928 4158 971 4209 ille
982 4175 1067 4210 seruus
1077 4176 1160 4226 quem,
1173 4176 1231 4211 eum
1245 4160 1341 4212 venerit

177 4238 293 4288 dominun
308 4240 369 4304 ejus,
388 4239 510 4291 invenerit
526 4240 561 4290 ric
581 4240 721 4292 seuientem.
756 4242 847 4303 Amen,
861 4244 952 4303 Amen,
971 4241 1029 4293 dico
1043 4242 1115 4293 vobu
1131 4242 1249 4309 quonium
1267 4260 1341 4310 super

177 4321 262 4370 omniu
274 4320 341 4371 bone
352 4337 397 4372 sue
407 4322 540 4373 constituet
552 4338 619 4374 eum.
653 4324 701 4375 Tu.

197 4420 267 4485 Rerp.
305 4420 366 4485 Ejus
379 4420 491 4471 tumbum
503 4422 657 4488 irequentrnt
670 4423 789 4490 unguet,

311 4502 362 4554 Ubi
374 4509 442 4552 tectu
453 4503 533 4554 uncti
544 4503 699 4570 rurcophnssl,

309 4583 416 4636 Smtnrt
427 4593 485 4637 runt
496 4601 562 4652 roeps
573 4586 672 4639 redditi.
