3226 5520
649 463 984 539 coLUMBAE„
1276 486 1386 577 ¹199

306 682 423 739 sancte
436 674 505 758 ejus
518 673 639 739 anima
648 671 782 740 'obvhre
804 673 995 758 incipientes,
1016 673 1113 759 quari
1125 695 1200 740 mx
1212 674 1251 742 de
1263 686 1387 760 corpore

308 779 437 844 viderat
457 778 655 863 migratum

222 969 320 1037 Auo
336 970 368 1035 in
385 979 554 1055 ternpore,¹
569 970 650 1035 dum
666 970 714 1034 vir
729 968 847 1033 beatus
867 969 900 1034 in
926 968 1009 1033 lona
1031 977 1256 1036 commaneret
1271 967 1387 1048 insula,

220 1077 366 1159 quadam
382 1076 436 1141 die
452 1085 567 1140 sancta
583 1075 682 1140 iacies
696 1075 768 1158 ejus
783 1074 893 1139 subita
909 1072 1046 1139 mirifica
1067 1083 1101 1138 et
1124 1073 1255 1139 laetifica
1277 1074 1387 1138 hilari·

220 1190 290 1245 tate
305 1179 456 1260 effloruit,
471 1180 650 1263 oculosque
665 1180 707 1244 ad
724 1179 845 1243 coelum
862 1178 994 1243 elevans
1018 1179 1267 1263 incomparabili
1283 1178 1387 1263 reple·

220 1291 275 1348 tus
290 1283 421 1367 gaudi0,
439 1282 536 1347 valde
559 1281 795 1346 laetificabatur.
840 1281 929 1345 Tum
954 1291 1030 1365 post
1057 1282 1224 1345 modicum
1248 1280 1387 1365 alicujus

223 1387 429 1451 momentioli
460 1386 678 1463 intervallum,
708 1385 765 1449 illa
795 1386 912 1469 sapida
941 1395 975 1450 et
1005 1385 1114 1449 suavis
1145 1385 1325 1451 laetificatio
1354 1385 1387 1449 in

223 1501 376 1555 maestam
391 1488 892 1555 convertiturtristificationem.
931 1490 1010 1553 Duo
1021 1509 1099 1554 vero
1114 1488 1183 1566 viri,
1198 1489 1255 1573 qui
1270 1489 1389 1552 eadem

222 1595 303 1659 hora
326 1596 397 1680 ejus
419 1595 575 1678 tugurioli
598 1596 641 1659 ad
663 1594 802 1679 januam
828 1594 971 1673 stabant,
997 1595 1086 1677 quod
1114 1593 1147 1658 in
1173 1593 1390 1658 eminentiore

223 1699 296 1763 loco
311 1708 382 1763 erat
398 1698 602 1776 fabricatum,
622 1707 656 1762 et
677 1698 739 1781 ipsi
761 1717 837 1761 cum
860 1718 901 1762 eo
923 1698 1020 1763 valde
1042 1695 1226 1776 tristificati,
1248 1715 1388 1781 quorum

223 1823 308 1866 unus
333 1803 492 1885 Lugneus
519 1812 601 1867 erat²
625 1801 803 1878 Mocublai,
826 1801 909 1866 alter
932 1822 1010 1866 vero
1033 1801 1106 1866 Pilu
1129 1802 1391 1886 nuncupabatur,

225 1906 328 1984 Saxo,
364 1926 499 1971 causam
540 1907 643 1990 ipsius
684 1906 804 1970 subitae
845 1905 982 1971 laetitiae³
1017 1905 1196 1990 inquirunt,
1231 1915 1266 1971 et
1304 1905 1391 1970 illius

223 2012 454 2095 subsequentis
471 2011 642 2075 maestitiae
689 2010 745 2074 Ad
762 2028 845 2093 quos
862 2008 1004 2075 Sanctus
1027 2010 1073 2073 sic
1096 2008 1263 2094 profatur:
1290 2009 1340 2073 lte
1356 2009 1390 2094 in

223 2135 313 2199 pace,
330 2135 389 2179 nec
405 2116 492 2179 illius
513 2115 639 2180 laetitiae
661 2134 805 2192 causam,
828 2133 889 2178 nec
911 2114 1012 2178 etiarn
1037 2112 1286 2179 tristificationis
1301 2134 1321 2177 a
1337 2133 1391 2177 me

224 2239 312 2284 nunc
334 2219 508 2301 inquiratis
531 2218 742 2282 manifestari.
789 2217 867 2301 Quo
889 2217 1013 2296 audito,
1036 2217 1243 2303 illacrymati,
1264 2217 1391 2302 ingeni·

222 2322 380 2400 culantes,
403 2321 574 2404 prostratis
597 2322 630 2384 in
654 2331 740 2386 terra
762 2322 916 2399 vultibus,
941 2321 1133 2405 suppliciter
1156 2330 1284 2406 rogant,
1307 2321 1391 2388 scire

222 2427 370 2493 volentes
381 2426 506 2511 aliquid
522 2428 565 2491 de
580 2425 636 2489 illa
651 2447 686 2490 re
701 2446 776 2509 quae
792 2426 873 2490 hora
885 2428 1002 2491 eadem
1016 2426 1142 2493 Sancto
1153 2436 1224 2492 erat
1235 2425 1388 2493 revelata.

224 2531 319 2617 Quos
339 2530 438 2596 valde
460 2528 661 2596 tristificatos
684 2531 819 2595 videns:
843 2530 932 2613 Quia
956 2552 1024 2611 vos,
1042 2532 1098 2610 ait,
1113 2552 1199 2611 amo,
1213 2530 1391 2598 tristificari

225 2636 310 2702 nolo.
356 2636 552 2701 Promittere
569 2636 659 2719 prius
675 2635 803 2700 debetis
820 2655 862 2699 ne
876 2634 933 2698 ulli
950 2635 1124 2699 hominum
1147 2644 1392 2702 sacramentum

226 2743 314 2825 quod
331 2741 495 2824 inquiritis
510 2741 543 2805 in
559 2741 630 2805 vita
645 2761 719 2805 mea
735 2739 890 2823 prodatis.
936 2739 1003 2824 Qui
1019 2740 1187 2816 continuo,
1209 2741 1392 2804 secundum

225 2847 297 2931 ejus
312 2845 648 2925 commendationem,
663 2855 818 2930 prompte
840 2844 1069 2928 promiserunt
1116 2842 1162 2908 Et
1188 2852 1264 2928 post
1290 2843 1393 2910 talem

226 2951 478 3035 promissionem
494 2951 544 3014 vir
558 2950 765 3014 venerandus
780 2949 827 3012 sic
842 2949 885 3013 ad
901 2968 958 3012 eos
973 2946 1201 3031 proloquitur:
1225 2948 1342 3031 Usque
1357 2949 1391 3013 in

225 3055 321 3132 hunc,
336 3053 496 3136 inquiens,
520 3063 717 3138 praesentem
734 3053 832 3130 diem,
848 3072 931 3117 meae
954 3052 987 3116 in
1011 3049 1185 3116 Britannia
1203 3053 1391 3136 peregrina·

226 3159 325 3224 tionis
341 3158 468 3222 terdeni
484 3158 641 3242 completi
665 3166 742 3222 sunt
765 3157 852 3221 anni.
899 3157 1032 3222 Interea
1054 3155 1168 3221 multis
1182 3164 1261 3221 ante
1276 3158 1395 3223 diebus

226 3283 246 3327 a
274 3261 423 3326 Domino
449 3282 525 3326 meo
551 3263 671 3326 devote
697 3262 871 3345 postulavi,
896 3270 934 3325 ut
961 3261 994 3325 in
1020 3260 1086 3325 fine
1111 3261 1268 3325 tricesimi
1295 3262 1395 3346 hujus

226 3366 397 3451 praesentis
413 3367 491 3429 anni
509 3387 562 3431 me
577 3368 620 3431 de
636 3386 711 3431 meo
734 3366 920 3431 obsolveret
943 3365 1098 3444 incolatu,
1112 3377 1146 3432 et
1162 3367 1205 3431 ad
1221 3367 1393 3434 coelestern

225 3470 366 3555 patriam
391 3471 478 3534 illico
500 3472 685 3535 advocaret
732 3470 778 3536 Et
800 3471 872 3535 haec
892 3469 954 3535 suit
974 3470 1040 3535 mei
1063 3489 1163 3534 causa
1189 3471 1336 3550 laetitiae,¹
1349 3473 1393 3537 de

226 3595 292 3660 qua
306 3595 363 3639 vos
380 3595 433 3639 me
450 3576 557 3639 maesti
581 3577 797 3659 interrogatis.
842 3575 995 3660 Angelos
1017 3574 1107 3640 enim
1130 3586 1263 3641 sanctos
1278 3578 1321 3641 de
1335 3596 1394 3640 ex·

226 3678 315 3742 celso
337 3678 405 3742 vidi
429 3679 547 3742 missos
571 3679 691 3744 throno
717 3682 760 3745 ad
783 3700 891 3744 meam
914 3681 957 3745 de
984 3699 1082 3744 carne
1108 3680 1254 3744 animam
1279 3680 1396 3745 obvios

227 3782 442 3847 educendam.
489 3782 557 3848 Sed
574 3804 649 3847 ecce
666 3804 761 3862 nunc,
781 3785 891 3849 subito
914 3785 1079 3863 retardati,
1095 3784 1181 3848 ultra
1198 3793 1318 3850 nostrae
1334 3784 1396 3849 sre-

227 3897 298 3952 tum
316 3886 432 3950 insulae
448 3895 539 3952 stant
562 3888 594 3950 in
618 3909 707 3972 rupe,
730 3889 854 3953 scilicet
877 3888 1025 3954 volentes
1049 3890 1091 3954 ad
1118 3909 1172 3953 me
1194 3889 1237 3953 de
1259 3908 1397 3974 corpore

227 3991 459 4055 advocandum
475 3993 678 4075 appropiare.
717 3994 785 4060 Sed
802 3994 937 4078 propius
952 3995 1109 4059 accedere
1120 4014 1186 4058 non
1200 3995 1396 4078 permittun-

227 4105 288 4172 tur,
305 4115 387 4159 mox
403 4095 445 4160 ad
462 4096 620 4160 coelorum
641 4117 772 4162 summa
786 4099 996 4183 repedaturi;
1017 4099 1096 4182 quia
1119 4098 1285 4164 Dominus
1305 4098 1396 4182 quod

227 4383 239 4433 s
261 4314 270 4342 ¹
285 4298 317 4434 Ihn
329 4300 476 4434 §gatthhirty
486 4316 558 4366 years
569 4301 632 4354 niter
643 4303 681 4354 st.
695 4302 841 4356 Columba’a
856 4303 1000 4356 settlement
1016 4302 1043 4354 in
1061 4304 1132 4366 lona,
1145 4303 1196 4354 and
1207 4302 1263 4354 iour
1272 4319 1344 4369 pem
1354 4303 1397 4355 be·

236 4399 280 4434 ore
309 4399 330 4434 n
359 4399 389 4433 ea
419 4420 425 4434 .

260 4467 317 4516 ¹A.
330 4481 378 4516 om.
393 4466 422 4518 B.
437 4464 504 4517 Cott.

261 4547 428 4612 emtionis.
443 4548 476 4602 Α.
