3226 5520
672 482 944 550 NINlANl.
1348 501 1382 550 11

224 692 400 772 destruere,
416 692 566 776 plantare
580 701 614 757 et
628 690 813 756 aedificare³
850 690 961 775 Hujus
979 690 1161 756 beatissimi
1176 691 1245 770 viri,
1260 699 1294 755 et
1307 710 1385 756 con·

222 797 417 861 versationis
439 816 532 861 sacra
555 795 743 880 primordia,
758 803 792 859 et
814 794 999 860 sanctitatis
1022 794 1172 878 insignia,
1187 794 1384 879 dignitatem

223 899 331 978 officii,
371 911 406 966 et
445 900 588 965 fructum
630 900 809 978 ministerii,
847 898 946 963 finem
984 899 1158 981 optimum,
1194 907 1228 963 et
1264 898 1386 963 laboris

223 1005 405 1088 praemium,
427 1003 624 1069 venerabilis
650 1004 743 1068 Beda
769 1004 802 1066 in
833 1002 1065 1067 Ecclesiastica
1093 1002 1254 1085 Hystoria
1276 1003 1385 1085 gentis

223 1128 300 1187 suae,
316 1109 523 1191 paucissimis
544 1107 783 1172 commendans
798 1108 914 1184 verbis,
929 1107 976 1170 ita
993 1106 1036 1170 de
1051 1126 1092 1169 eo
1107 1106 1237 1171 scribit:
1282 1104 1385 1169 Anno

221 1211 266 1275 ab
280 1212 504 1276 incarnatione
520 1211 658 1275 Domini
674 1211 939 1294 quingentesimo
954 1210 1164 1293 sexagesimo
1179 1210 1304 1292 quinto,
1316 1230 1384 1292 quo

223 1322 372 1397 tempore
401 1315 660 1398 gubernaculum
692 1313 837 1379 Romani
874 1313 1016 1396 imperii,
1046 1322 1122 1395 post
1159 1312 1382 1394 Justinianum

222 1418 372 1501 Justinus
409 1420 517 1482 minor
552 1418 690 1502 accepit,
725 1419 816 1483 venit
857 1418 899 1481 de
941 1417 1115 1500 Hybemia
1155 1416 1315 1500 presbiter
1350 1427 1384 1482 et

224 1522 335 1601 abbas,
350 1522 465 1587 habitu
481 1531 515 1587 et
530 1523 598 1587 vita
621 1521 773 1586 monachi
796 1521 943 1605 insignis,
958 1521 1092 1585 nomine
1111 1519 1282 1599 Columba,
1298 1519 1382 1584 Brit·

223 1627 378 1706 anniam;
415 1626 652 1709 praedicaturus
681 1626 818 1691 verbum
855 1625 920 1689 Dei
957 1624 1133 1708 provinciis
1166 1624 1382 1707 septentrion-

222 1729 324 1794 alium
355 1730 531 1808 Pictorum,
561 1730 624 1793 hoc
653 1738 712 1808 est,
742 1730 789 1793 eis
819 1730 875 1812 qui
905 1728 1016 1794 arduis
1046 1738 1146 1811 atque
1175 1727 1384 1792 horrentibus

222 1833 385 1897 montium
408 1833 507 1916 jugis,
529 1833 573 1898 ab
594 1833 791 1897 australibus
813 1852 927 1897 eorum
950 1842 1027 1896 sunt
1047 1830 1236 1914 regionibus
1250 1849 1383 1913 seques·

221 1945 325 2001 tratae.
373 1936 527 2019 Namque
549 1937 611 2021 ipsi
633 1937 793 2001 australes
816 1937 908 2015 Picti,
923 1936 979 2019 qui
1002 1936 1087 2000 inter
1101 1937 1236 2001 eosdem
1252 1944 1382 2000 montes

221 2041 347 2105 habant
361 2041 465 2118 sedes,
478 2042 584 2105 multo
598 2050 677 2105 ante
691 2050 840 2124 tempore
856 2040 969 2105 relicto
981 2061 1088 2104 errore
1100 2040 1269 2118 idolatriae,
1281 2038 1381 2104 fidem

220 2144 368 2209 veritatis
382 2153 588 2227 acceperant,
603 2144 806 2228 praedicante
828 2143 875 2207 eis
897 2143 1034 2207 verbum
1052 2143 1198 2207 Niniano
1214 2143 1382 2226 Episcopo

221 2248 492 2326 reverentissimo,
514 2257 548 2313 et
570 2248 778 2312 sanctissimo
800 2248 879 2325 viro,
902 2248 944 2312 de
966 2247 1101 2311 natione
1120 2248 1309 2325 Bretonum‚
1325 2247 1381 2330 qui

119 2393 123 2402 ·
221 2361 291 2416 erat
321 2351 440 2415 Rornae
470 2352 662 2435 regulariter
691 2350 791 2416 fidem
821 2360 855 2415 et
885 2351 1030 2415 misteria
1059 2351 1207 2415 veritatis
1236 2352 1380 2416 edoctus.

220 2454 324 2538 Cujus
347 2457 459 2519 sedem
481 2456 691 2539 episcopatus
714 2455 819 2519 sancti
844 2455 980 2518 Martini
1005 2454 1161 2537 Episcopi
1187 2455 1329 2532 nomine,
1347 2464 1382 2519 et

220 2559 392 2623 ecclesiam
416 2559 588 2642 insignem,
604 2560 661 2624 ubi
684 2561 755 2643 ipse
777 2558 878 2623 etiam
901 2579 1038 2641 corpore
1060 2578 1217 2623 unacum
1233 2559 1382 2642 pluribus

220 2662 343 2728 sanctis
358 2663 540 2746 requiescit,
553 2663 623 2747 jam
640 2685 727 2728 nunc
742 2662 930 2746 Anglorum
946 2683 1028 2746 gens
1043 2662 1179 2727 obtinet
1210 2661 1278 2746 Qui
1290 2662 1381 2727 locus

219 2767 262 2832 ad
279 2767 481 2849 provinciam
498 2768 721 2832 Bemiciorum
737 2768 905 2852 pertinens
919 2767 1020 2851 vulgo
1034 2777 1171 2832 vocatur
1186 2766 1242 2832 Ad
1259 2767 1381 2834 Candi-

219 2870 297 2935 dam
315 2868 457 2936 Casam:
480 2890 521 2935 eo
535 2873 625 2956 quod
641 2873 686 2937 ibi
702 2872 874 2937 ecclesiam
890 2871 933 2936 de
948 2871 1066 2954 lapide,
1082 2870 1215 2935 insolito
1231 2871 1381 2935 Bretoni-

220 2972 282 3039 bus
298 2995 397 3052 more,
413 2974 532 3040 lecerit
587 2976 654 3040 Hic
674 2978 763 3060 quod
786 2977 878 3042 Beda
893 2976 1034 3041 breviter
1049 2975 1178 3058 scripsit
1192 2974 1290 3040 latius
1306 2974 1382 3039 Deo

222 3076 369 3142 Auctore
384 3079 538 3161 prosequi
555 3079 671 3162 placet.

264 3179 364 3243 Tanti
380 3181 492 3262 itaque
506 3182 566 3243 viri
582 3180 670 3245 fideli
693 3181 884 3246 testimonio
909 3180 1085 3246 didicimus
1100 3181 1159 3245 viri
1181 3179 1278 3258 hujus
1293 3180 1381 3264 prin-

220 3283 315 3366 cipia,
330 3284 387 3365 qui
414 3303 490 3346 eum
517 3287 560 3350 de
585 3294 685 3369 gente
713 3286 894 3350 Bretonum
918 3285 1103 3364 oriundum,
1119 3284 1240 3368 regulis
1255 3283 1331 3349 fidei
1347 3285 1381 3349 in

221 3396 336 3452 sancta
367 3388 521 3452 Romana
550 3390 687 3453 ecclesia
717 3390 834 3455 astruit
869 3390 1064 3454 institutum.
1125 3390 1312 3454 Didicimus
1348 3398 1382 3454 et

220 3490 375 3569 officium,
390 3493 446 3574 qui
462 3512 538 3556 eum
555 3494 747 3577 episcopum
767 3503 800 3558 et
814 3495 904 3558 verbi
929 3494 992 3557 Dei
1016 3492 1265 3577 praedicatorem
1283 3493 1382 3558 luisse

221 3596 441 3660 commendat
473 3597 661 3662 Didicimus
676 3609 709 3662 et
724 3598 866 3663 fructum
883 3598 1012 3675 laboris,
1025 3598 1081 3681 qui
1096 3597 1255 3662 australes
1272 3598 1382 3663 Pictos

220 3698 292 3782 ejus
303 3699 464 3763 industria
473 3701 515 3764 ab
527 3701 679 3766 idolatria
694 3704 737 3766 ad
748 3723 860 3766 veram
873 3701 972 3766 fidem
985 3702 1104 3785 probat
1116 3722 1187 3766 esse
1199 3721 1380 3766 conversos.

221 3802 407 3866 Didicimus
422 3813 456 3866 et
468 3801 575 3882 finem,
587 3804 644 3887 qui
660 3824 735 3869 eum
748 3805 781 3869 in
798 3805 903 3870 sancti
920 3804 1055 3868 Martini
1072 3804 1209 3869 ecclesia
1224 3823 1380 3868 unacum

221 3904 369 3987 pluribus
395 3906 517 3969 sanctis
543 3907 745 3990 requiescere
771 3916 980 3991 protestatur.
1034 3904 1160 3971 Verum
1192 3906 1281 3989 quod
1311 3905 1382 3989 ipse

221 4006 370 4085 breviter,
385 4016 484 4090 prout
499 4008 655 4091 hystoriae
671 4029 740 4074 suae
762 4021 857 4074 tenor
872 4010 1039 4093 postulare
1054 4009 1235 4089 videbatur,
1249 4017 1381 4074 tantum

221 4110 370 4194 tetigisse
384 4111 522 4190 videtur,
537 4112 632 4176 nobis
652 4112 735 4178 liber
749 4114 792 4179 de
807 4113 889 4179 Vita
903 4123 937 4179 et
953 4113 1121 4178 Miraculis
1136 4113 1216 4196 ejus,
1230 4112 1382 4178 barbario

220 4213 371 4296 scriptus,
393 4213 491 4278 latius
517 4217 751 4300 exequendum
774 4217 937 4301 proponit.
982 4215 1050 4300 Qui
1079 4216 1214 4299 quidem
1244 4214 1334 4293 liber,
1362 4236 1383 4280 a

221 4317 401 4380 testimonii
418 4318 504 4381 illius
520 4318 737 4384 fundamento
752 4341 915 4405 nusquam
937 4320 1082 4399 devians,
1097 4320 1234 4385 modurn
1249 4329 1381 4385 tanturn

221 4439 289 4505 quo
303 4421 383 4485 talia
398 4421 492 4486 initia
506 4423 651 4506 arripuit,
666 4445 733 4508 quo
749 4425 850 4490 talem
866 4424 1008 4491 fructum
1023 4425 1214 4508 promeruit,
1228 4443 1296 4508 quo
1310 4433 1380 4490 tarn

221 4521 421 4588 laudabilem
431 4523 536 4589 finem
553 4527 707 4606 obtinuit,
721 4528 890 4612 hystorico
905 4548 995 4593 more
1010 4527 1194 4593 conscribit.

722 4697 795 4764 ³Jer.
809 4697 826 4750 i.
843 4709 879 4750 ιο.
