3226 5520
223 482 284 552 150
506 465 652 533 VITA
687 464 990 532 IL-LIBER
1026 463 1083 530 11.

585 857 783 924 CAPUT
820 855 1017 922 XXVII.

217 1047 270 1115 Dc
283 1047 351 1112 alia
364 1047 506 1131 aquatili
519 1046 627 1124 busitu,
642 1067 719 1131 quoe,
730 1068 764 1112 co
777 1056 889 1111 orante
902 1055 934 1110 ct
947 1064 1081 1110 manum
1095 1065 1112 1111 e
1126 1054 1236 1111 contra
1250 1044 1388 1125 levante,

347 1162 431 1218 retro
446 1151 573 1236 repulsa
587 1161 635 1216 est
649 1172 687 1215 ne
701 1151 833 1234 Luguco
847 1150 980 1217 natanti
992 1149 1097 1215 vicino
1111 1159 1252 1216 mareu

218 1320 317 1386 ALIO
332 1341 465 1405 quoque
481 1321 513 1385 in
530 1332 689 1405 tempore,
701 1341 776 1385 cum
792 1319 973 1386 virbeatus
988 1321 1021 1384 in
1035 1321 1203 1386 Pictorum
1215 1319 1387 1403 provincia

126 1486 129 1492 .
218 1445 278 1510 per
303 1426 430 1509 aliquot
461 1436 643 1490 moraretur
672 1426 752 1504 dies,
779 1445 912 1489 necesse
937 1424 1054 1491 habuit
1082 1424 1219 1490 fluvium
1245 1424 1389 1489 transire

218 1529 376 1594 Nessam:
392 1529 434 1594 ad
447 1529 541 1612 cujus
556 1549 633 1594 cum
648 1529 838 1594 accessisset
853 1529 968 1613 ripam,
980 1527 1063 1593 alios
1073 1548 1118 1592 ex
1133 1527 1254 1592 accolis
1266 1527 1388 1612 aspicit

219 1633 383 1698 misellum
413 1633 591 1699 humantes
621 1633 881 1712 homunculum;
911 1653 1020 1715 quem,
1044 1642 1084 1697 ut
1112 1631 1175 1717 ipsi
1200 1630 1389 1716 sepultores

217 1736 375 1817 ferebant,
387 1740 541 1823 quadam
555 1737 656 1822 paulo
667 1748 745 1803 ante
757 1748 892 1803 nantem
905 1737 1060 1820 aquatilis
1074 1736 1266 1821 praeripiens
1278 1736 1389 1801 bestia

218 1856 342 1909 morsu²
356 1845 536 1908 momordit
547 1843 745 1907 saevissimo:
766 1842 861 1926 cujus
877 1842 1033 1907 miserum
1048 1842 1198 1920 cadaver,
1209 1860 1285 1906 sero
1299 1840 1389 1920 licet,

217 1946 353 2031 quidam
367 1947 400 2010 in
410 1947 500 2011 alno³
513 1946 746 2011 subvenientes
758 1947 916 2030 porrectis
925 1945 1270 2031 praeripuereuncinis.
1293 1945 1391 2010 Vire

217 2063 332 2118 contra
355 2052 479 2130 beatus,
502 2052 574 2116 haec
598 2052 744 2130 audiens,
760 2051 911 2135 praecipit
934 2058 973 2115 ut
994 2049 1114 2133 aliquis
1134 2069 1179 2114 ex
1206 2049 1390 2116 comitibus

218 2167 357 2222 enatans
382 2155 593 2240 caupallum,⁴
614 2158 647 2219 in
675 2156 778 2220 altera
801 2166 945 2220 stantem
972 2155 1052 2238 ripa,
1072 2156 1115 2219 ad
1139 2174 1175 2219 se
1195 2155 1391 2238 navigando

218 2263 360 2326 reducat
435 2260 513 2343 Quo
554 2261 659 2324 sancti
701 2260 816 2324 audito
853 2258 1074 2342 praedicabilis
1109 2258 1170 2323 viri
1207 2271 1391 2344 praecepto,

219 2365 377 2447 Lugneus
389 2363 655 2440 Mocumin,nihil
667 2362 1232 2446 moratus,obsecundans,depositis
1241 2375 1392 2449 excepta

219 2469 424 2534 vestimentis
450 2468 570 2542 tunica,
596 2467 747 2532 immittit
776 2467 871 2531 sein
898 2486 1008 2549 aquas.
1069 2466 1137 2533 Sed
1167 2466 1288 2545 bellua,
1310 2489 1392 2552 quae

219 2574 309 2657 prius
332 2592 398 2635 non
421 2581 491 2636 tam
515 2572 644 2648 satiata,
660 2591 761 2655 quam
785 2573 817 2634 in
841 2573 988 2654 praedam
1004 2591 1151 2650 accensa,
1166 2572 1200 2636 in
1219 2570 1393 2655 profundo

218 2677 363 2741 fluminis
379 2675 540 2754 latitabat,
556 2678 702 2740 sentiens
721 2696 762 2740 eo
785 2684 921 2740 natante
943 2676 1110 2741 turbatam
1133 2696 1233 2760 supra
1254 2697 1393 2760 aquam,

218 2783 329 2846 subito
355 2801 536 2863 emergens,
563 2781 710 2845 natatilis
740 2782 782 2845 ad
813 2780 982 2844 hominem
1015 2781 1049 2844 in
1076 2781 1187 2845 medio
1213 2790 1392 2848 natantem

219 2885 323 2965 alveo,
338 2904 413 2951 cum
429 2884 555 2968 ingenti
572 2882 711 2962 fremitu,
724 2894 839 2968 aperto
851 2885 993 2950 cucurrit
1003 2904 1067 2951 ore
1111 2884 1173 2951 Vir
1183 2896 1256 2950 tum
1269 2886 1393 2955 beatus

218 2990 344 3066 videns,
355 2987 519 3065 omnibus,
530 2987 586 3070 qui
603 2987 741 3066 inerant,
751 2996 821 3053 tam
837 2987 984 3053 barbaris
996 3008 1097 3073 quam
1108 2988 1210 3055 etiam
1222 2987 1393 3072 iratribus,

219 3094 323 3157 nimio
344 3103 467 3156 terrore
490 3091 656 3174 perculsis,
671 3112 747 3157 cum
771 3092 922 3171 salutare,
937 3102 1052 3159 sancta
1074 3093 1202 3158 elevata
1224 3113 1338 3173 manu,
1355 3097 1390 3160 in

217 3218 323 3262 vacuo
338 3217 413 3261 aere
428 3196 532 3260 crucis
547 3196 713 3282 pinxisset
728 3198 869 3280 signum,
882 3197 1034 3261 invocato
1050 3197 1114 3261 Dei
1130 3197 1274 3276 nomine,
1285 3198 1390 3265 feroci

218 3301 392 3383 imperavit
414 3300 540 3377 bestiae,
560 3300 693 3365 dicens:
718 3300 820 3365 Noles
843 3301 930 3366 ultra
949 3301 1116 3384 progredi,
1131 3320 1191 3366 nec
1213 3300 1389 3369 hominem

219 3417 358 3488 tangas;
385 3414 471 3467 retro
494 3403 590 3468 citius
613 3413 782 3468 revertere.
827 3404 916 3467 Tum
939 3424 1018 3467 vero
1043 3403 1157 3481 bestia,
1179 3403 1242 3468 hac
1269 3404 1390 3472 Sancti

219 3508 333 3572 audita
359 3527 448 3580 voce,
475 3516 660 3582 retrorsum,
688 3527 726 3569 ac
756 3506 783 3569 si
814 3505 947 3571 funibus
977 3505 1204 3584 retraheretur,
1228 3508 1391 3575 velociori

218 3632 350 3678 recursu
373 3610 458 3693 sugit
482 3609 708 3688 ⁵tremelacta;
732 3610 820 3692 ⁶quae
844 3609 933 3692 prius
956 3609 1096 3693 Lugneo
1116 3611 1208 3675 nanti
1224 3631 1266 3674 eo
1281 3633 1391 3697 usque

219 3714 506 3800 appropinquavit,
518 3724 554 3778 ut
571 3713 739 3777 hominem
757 3713 842 3777 inter
852 3724 885 3777 et
901 3714 1042 3778 bestiam
1058 3734 1124 3778 non
1140 3715 1284 3798 amplius
1299 3732 1391 3785 esset

252 3936 262 3962 1
276 3918 363 3970 Codex
380 3918 412 3966 Α.
427 3916 472 3966 has
489 3916 527 3967 ior
544 3916 597 3966 title
617 3918 635 3942 “
644 3917 684 3966 Dc
700 3916 828 3981 cujusdam
846 3917 962 3983 aquatilis
977 3916 1064 3967 bestiae
1075 3916 1165 3968 virtute
1180 3915 1302 3969 orationis
1319 3918 1391 3973 beni

218 4003 265 4053 viri
277 3998 443 4066 repulsione.”

251 4099 263 4126 2
277 4092 348 4148 raptu
360 4083 388 4132 B.
404 4081 472 4132 cott.

251 4181 263 4218 ³
275 4168 300 4215 Α
312 4167 380 4215 boat.

251 4264 263 4300 4
279 4251 298 4274 “
307 4248 445 4311 Caupulus,
460 4261 488 4295 or
499 4246 622 4310 caupolus,
637 4261 723 4296 occurs
735 4247 761 4297 in
773 4247 853 4297 Aulus
865 4247 962 4297 Gellius
973 4246 1008 4309 [x.
1022 4247 1065 4311 25]
1076 4247 1102 4298 in
1113 4247 1156 4297 the
1166 4262 1237 4299 sense
1248 4249 1279 4299 oi
1289 4266 1305 4301 a
1315 4252 1390 4317 boat,

219 4332 269 4381 and
281 4331 302 4380 is
312 4329 445 4394 explained
457 4329 483 4377 in
496 4326 613 4378 lsidore's
624 4329 743 4393 Glossary
754 4329 787 4393 by
799 4329 891 4378 lembus
907 4344 935 4378 or
951 4329 1042 4392 cymba.
1079 4330 1101 4379 It
1120 4329 1141 4379 is
1151 4330 1211 4380 nkin
1223 4337 1250 4381 lo
1261 4332 1306 4384 the
1317 4339 1392 4388 word

218 4414 287 4473 coblt,
301 4411 382 4462 which
401 4411 422 4459 ls
438 4411 580 4474 commonly
592 4411 652 4460 used
669 4411 695 4460 in
713 4412 756 4461 the
772 4427 842 4461 sense
860 4412 917 4462 oia
934 4411 998 4462 little
1015 4411 1199 4464 flat-bottomed
1214 4413 1305 4466 boav‘
1339 4419 1390 4474 Dr,

220 4498 324 4554 Reeves‚
337 4493 460 4553 Adanm„
474 4509 498 4557 p.
516 4505 568 4551 141.
605 4494 653 4543 See
664 4494 717 4544 also
730 4495 771 4543 Du
783 4495 877 4559 Cnnge.

250 4576 284 4628 si
300 4575 333 4626 A.
368 4574 516 4625 retractione
527 4574 650 4641 iactaque,
663 4573 694 4626 B.
729 4576 878 4627 retractione
890 4576 1013 4645 lectuque,
1027 4575 1096 4629 Cott.
