3226 5520
651 479 962 547 coturnum.
1343 491 1382 560 33

219 690 363 775 denique
398 688 721 773 appropinquantem
745 707 890 765 cernens,
919 687 1074 769 angelum
1102 684 1239 749 Domini
1266 685 1387 768 pariter

221 796 292 878 ejus
317 794 473 858 comitem
498 794 623 858 itineris
637 792 731 870 vidit,
745 800 780 856 et
802 791 1001 874 quibusdam
1023 789 1206 855 astantibus
1222 789 1388 854 intimavit

221 899 386 978 iratribus,
408 899 579 982 inquiens:
615 897 703 962 Ecce
725 916 813 959 nunc
835 896 947 960 videte
971 903 1123 960 sanctum
1155 893 1386 959 advenientem

223 1003 432 1082 Columbam,
472 1002 529 1087 qui
567 1001 617 1067 sui
655 1009 862 1066 commeatus
904 1000 1025 1066 babere
1072 998 1191 1064 meruit
1231 998 1386 1083 angelum

223 1107 368 1172 Domini

648 1524 849 1593 CAPUT
890 1524 964 1592 lV.

546 1722 681 1806 Aquam
704 1721 739 1786 in
762 1721 877 1787 vinum
899 1720 1074 1787 convertit}

226 1913 394 1978 HHSDEM
418 1911 537 1975 diebus
561 1909 714 1988 Sanctus,
735 1928 811 1974 cum
827 1910 1003 1974 duodecim
1025 1908 1307 1975 commilitonibus
1324 1910 1391 1975 dis·

225 2017 342 2100 cipulls
353 2015 396 2080 ad
413 2013 620 2079 Britanniam
633 2013 900 2097 transnavigavit
946 2011 1024 2097 Quo
1038 2015 1234 2097 proveniens
1246 2015 1391 2098 quadam

225 2120 365 2185 solemni
381 2119 435 2183 die
456 2129 572 2183 sancto
594 2118 753 2202 magistro
768 2137 828 2181 suo
850 2127 884 2182 et
903 2118 1061 2202 episcopo
1077 2119 1241 2183 Finniano
1256 2119 1390 2184 missam

226 2225 405 2290 celebranti
416 2224 530 2289 vinum
540 2222 583 2287 ad
594 2222 773 2287 sacrificale
786 2223 980 2306 mysterium
991 2243 1067 2287 casu
1080 2243 1147 2286 non
1158 2223 1392 2290 inveniebatur.

227 2330 280 2394 De
304 2329 398 2412 cujus
421 2327 552 2392 delectu
576 2346 652 2391 cum
680 2327 847 2390 ministros
870 2327 982 2390 altaris
1005 2328 1090 2391 inter
1105 2347 1140 2391 se
1155 2338 1393 2411 conquerentes

226 2434 364 2511 audiret,
376 2434 418 2498 ad
436 2432 561 2496 iontem
575 2442 709 2514 sumpto
724 2432 831 2514 vergit
843 2451 949 2510 urceo,
961 2441 997 2496 ut
1013 2432 1056 2497 ad
1072 2453 1163 2497 sacra
1176 2432 1393 2497 Eucharistiae

228 2538 410 2601 ministeria
434 2556 555 2620 aquam
582 2534 755 2600 fontanam
782 2537 941 2601 diaconus
967 2537 1119 2602 hauriret.
1176 2539 1253 2622 Qua
1275 2537 1395 2603 hausta

228 2641 386 2706 ministris
401 2641 469 2705 ait:
498 2641 641 2704 Habetis
656 2660 736 2724 ergo
751 2641 866 2704 vinum
882 2642 972 2724 quod
989 2642 1155 2706 Dominus
1171 2644 1213 2706 ad
1229 2662 1289 2706 sua
1304 2644 1394 2708 misit

229 2745 419 2832 peragenda
454 2746 619 2828 mysteria
676 2745 754 2829 Quo
784 2746 919 2829 cognito
947 2746 1091 2812 Sanctus
1123 2767 1199 2811 cum
1237 2746 1395 2812 ministris

228 2851 403 2933 episcopus
419 2849 560 2913 eximias
577 2848 651 2912 Deo
666 2849 790 2932 gratias
817 2849 969 2914 referunt
1017 2850 1159 2915 Sanctus
1174 2870 1253 2914 vero
1264 2850 1395 2934 juvenis

227 2954 289 3018 hoc
306 2974 373 3017 non
389 2952 521 3018 sibimet
536 2952 594 3016 sed
610 2962 726 3017 sancto
743 2952 908 3017 Finniano
923 2953 1134 3019 adscribebat
1154 2953 1318 3039 episcopo.

673 3371 869 3440 CAPUT
905 3372 952 3438 V.

244 3559 417 3625 Ardentem
433 3559 468 3626 in
482 3557 603 3644 Regem
617 3571 776 3626 consecrat
782 3585 799 3638 ,·
815 3563 978 3645 ctfutura
991 3561 1125 3648 defiliis
1138 3562 1208 3648 ejus
1213 3559 1386 3645 praedicit.²

232 3743 331 3810 Amo
351 3744 384 3808 in
405 3753 555 3829 tempore
578 3745 628 3810 vir
649 3754 794 3824 sanctus,
816 3746 850 3811 ln
875 3746 1028 3831 Hymba³
1049 3764 1259 3811 commorans
1282 3743 1398 3821 insula,

232 3850 377 3932 quadam
395 3858 492 3914 nocte
507 3851 540 3914 in
556 3850 665 3915 extasi
682 3852 803 3917 mentis
825 3852 981 3935 angelum
998 3851 1136 3915 Domini
1152 3850 1245 3914 adse
1260 3849 1397 3913 missum

267 4082 396 4133 ¹Adamn.
412 4082 448 4133 11.
465 4094 486 4133 ι.

266 4162 355 4212 ribid.
370 4160 419 4212 111.
436 4171 459 4226 5.

266 4245 308 4294 ι’*
317 4243 414 4294 Himba
425 4244 506 4295 insula
521 4252 559 4296 est
570 4245 645 4296 muris
658 4245 800 4306 Hibemici,
813 4246 885 4312 cujus
901 4247 933 4297 de
944 4246 993 4297 situ
1010 4245 1104 4306 insulae,
1118 4244 1181 4297 sicut
1192 4253 1217 4296 et
1231 4245 1303 4311 Jovae
1314 4244 1399 4310 (quem

232 4326 275 4376 dii
288 4326 401 4376 liionam
412 4343 456 4378 seu
469 4328 575 4379 lbouarn
587 4331 698 4389 vocant.)
710 4344 761 4379 non
773 4345 823 4379 una
834 4338 872 4380 est
885 4329 1039 4395 Scriptorum
1056 4326 1207 4378 sententia.”
1240 4327 1282 4379 Sic
1292 4326 1401 4377 editores

233 4409 399 4460 Benedictini.
436 4411 486 4460 Sed
499 4411 547 4461 situ
565 4412 665 4476 Hyonoe
676 4410 712 4461 nil
729 4412 820 4462 notius.
867 4412 964 4462 Himba
979 4412 1107 4476 bucusque
1117 4409 1179 4460 mibi
1190 4408 1400 4460 latet—Pinker·

232 4497 285 4623 ιὲἓ
327 4491 461 4622 ιξωιῑᾱοᾱ
479 4494 512 4559 by
527 4494 572 4545 ur.
587 4493 744 4546 skenevirh
762 4493 1028 4545 Euan-mumius.
1068 4492 1212 4552 nomm,
1225 4507 1268 4558 pp.
1283 4490 1397 4554 318s24

278 4572 303 4624 l·
324 4585 334 4624 ¹
355 4585 394 4638 74
