3226 5520
302 486 343 548 22
812 464 959 550 vsrn

300 683 484 760 tempnens,
500 683 534 741 et
553 674 640 739 clam
661 673 822 738 doctrinae
837 675 909 758 ejus
924 684 959 740 et
974 673 1121 739 moribus
1133 672 1208 759 eJ‘us
1222 671 1415 758 derogabat,
1429 680 1464 736 et

299 800 390 845 sanae
413 781 573 845 doctrinae
598 779 669 863 ejus
692 779 725 842 in
750 778 836 863 lacie
860 780 1052 845 resistebat:
1078 780 1125 844 ita
1140 789 1178 844 ut
1198 787 1285 843 terra
1300 779 1466 843 videretur

300 883 440 968 reproba
466 892 500 947 et
530 882 708 947 maledicto
738 884 901 966 proxima,
925 892 1042 966 utpote
1073 903 1148 966 quae
1179 901 1270 965 saepe
1301 902 1399 966 super
1428 901 1465 946 se

298 988 486 1053 venientem
504 986 621 1051 bibens
636 986 785 1066 imbrem,
801 987 959 1070 spinaset
975 986 1122 1064 tribulos,
1135 1007 1200 1050 non
1216 986 1352 1051 herbam
1368 1006 1464 1069 opor·

299 1101 416 1157 tunam
440 1091 656 1176 germinabat
704 1089 860 1173 Quodam
884 1103 996 1156 autem
1013 1101 1163 1174 tempore
1185 1111 1260 1154 cum
1278 1090 1351 1173 plus
1367 1090 1465 1154 solito

300 1195 459 1260 molestus
474 1205 562 1259 esset
575 1195 646 1258 viro
669 1195 743 1272 Dei,
759 1215 824 1258 non
841 1194 928 1259 ultra
950 1215 1067 1277 passus
1082 1194 1194 1276 Judex
1214 1193 1359 1258 coelestis
1381 1193 1465 1257 servi

299 1300 350 1364 sui
365 1300 505 1364 inultam
522 1299 559 1363 iri
576 1299 739 1382 injuriam,
755 1299 954 1363 intolerabili
978 1300 1095 1363 morbo
1109 1299 1289 1382 superbum
1305 1297 1465 1381 percussit

299 1403 332 1468 in
348 1405 467 1488 capite,
477 1402 704 1488 confregitque
716 1398 872 1467 v'erticem
888 1402 999 1486 capilli
1016 1402 1276 1486 perambulantis
1287 1403 1321 1466 in
1336 1401 1465 1466 delictis

299 1508 374 1572 suis.
422 1507 436 1570 1
442 1516 662 1590 ntantumque
677 1506 852 1591 praevaluit
866 1508 1039 1590 aegritudo,
1055 1516 1093 1571 ut
1115 1507 1221 1572 elatos
1243 1506 1317 1570 illos
1332 1506 1466 1570 occulos

298 1611 431 1675 caecitas
446 1611 618 1694 repentina
640 1610 820 1676 obduceret
835 1633 843 1690 ;
865 1611 970 1694 etqui
995 1610 1101 1675 lucem
1118 1611 1370 1694 impugnaverat
1385 1613 1466 1676 veri-

298 1716 378 1781 tatis
394 1715 499 1780 lucem
517 1717 684 1780 amitteret
699 1715 814 1780 carnis
847 1715 919 1779 Nec
936 1714 1054 1780 frustra
1067 1735 1174 1798 neque
1185 1715 1228 1778 ad
1241 1715 1464 1797 insipientiam

298 1818 336 1883 ei
381 1817 521 1900 Jacebat
544 1819 633 1882 enim
659 1819 758 1883 miser
781 1838 912 1903 pressus
935 1819 1059 1897 dolore,
1081 1821 1228 1903 privatus
1253 1819 1386 1897 lumine,
1406 1819 1465 1882 sed

298 1922 446 1986 exterius
470 1922 715 2000 obtenebratus,
730 1922 868 1986 interius
890 1923 1081 2000 illustratur,
1096 1924 1178 1987 dum
1202 1922 1331 1986 rediens
1351 1925 1467 1988 adcor

299 2024 476 2090 confitetur
490 2046 674 2100 excessum,
689 2027 733 2091 ab
748 2026 805 2090 illo
820 2026 891 2090 solo
906 2047 1043 2110 sperans
1059 2028 1251 2105 remedium,
1262 2028 1315 2091 cui
1330 2048 1365 2091 se
1380 2047 1467 2091 sem·

298 2148 358 2216 per
372 2128 570 2192 exhibuerat
585 2129 764 2193 inimicum.
795 2127 934 2193 Vocatis
951 2139 1119 2212 postremo
1134 2129 1326 2193 necessariis
1341 2129 1467 2209 amicis,

298 2241 437 2316 accepto
461 2231 505 2297 ab
527 2233 576 2296 eis
594 2233 743 2310 consilio,
758 2233 917 2317 quoniam
943 2234 1013 2316 ipse
1035 2235 1191 2297 detentus
1206 2231 1397 2298 infirmitate
1420 2235 1466 2297 ire

298 2355 366 2399 non
383 2337 500 2419 potuit,
511 2337 649 2400 nuncios
660 2337 764 2400 mittit
779 2336 823 2401 ad
838 2338 945 2401 virum
959 2337 1033 2412 Dei,
1042 2337 1220 2400 obsecrans
1231 2347 1269 2401 ut
1284 2356 1351 2400 non
1367 2336 1467 2402 intret

298 2438 332 2504 io
353 2439 517 2523 judicium
544 2460 621 2504 cum
647 2460 743 2504 servo
765 2460 835 2518 suo,
851 2460 912 2504 nec
939 2441 1099 2505 retribuat
1121 2441 1151 2504 ei
1167 2442 1350 2504 secundum
1365 2460 1467 2524 opera

298 2563 358 2606 sua
371 2564 379 2622 ;
401 2544 469 2620 scd,
484 2552 522 2607 ut
537 2543 685 2607 imitator
699 2544 876 2608 dominicae
891 2543 1114 2628 benignitatis,
1125 2542 1318 2608 retribueret
1332 2544 1362 2608 ei
1378 2543 1467 2608 bona

298 2667 359 2731 pro
374 2648 479 2725 malis,
494 2656 529 2712 et
543 2647 756 2712 dilectionem
772 2669 833 2732 pro
847 2648 934 2712 odio.
980 2647 1133 2712 Audiens
1157 2648 1228 2711 haec
1250 2648 1300 2711 vir
1314 2647 1466 2735 beatissi7

298 2769 381 2829 mus,
407 2770 473 2814 non
505 2751 538 2814 in
572 2750 711 2834 gloriam
742 2761 793 2816 est
822 2751 929 2817 elatus
958 2740 1150 2830 humanam,
1180 2751 1237 2816 sed
1268 2760 1306 2816 ut
1334 2772 1466 2836 semper

298 2853 531 2918 misericordiae
546 2855 724 2920 visceribus
748 2854 895 2934 affluens,
911 2856 1082 2940 praemissa
1104 2856 1146 2919 ad
1173 2857 1284 2921 Deum
1307 2857 1466 2937 oratione,

296 2959 340 3024 ad
356 2967 517 3041 aegrotum
535 2979 609 3023 cum
626 2980 758 3025 summa
773 2960 961 3024 humilitate
976 2971 1010 3024 et
1025 2962 1203 3025 devotione
1219 2961 1375 3043 perrexit.
1418 2961 1465 3027 Et

297 3062 440 3145 primum
457 3063 592 3145 quidem
610 3063 674 3127 leni
692 3065 916 3148 increpatione
928 3064 1033 3127 virum
1049 3065 1192 3147 corripit,
1201 3065 1322 3128 deinde
1338 3066 1468 3130 medica

297 3185 398 3229 manu
425 3175 526 3249 caput
551 3168 660 3251 tangit
684 3169 810 3249 aegroti,
833 3170 994 3251 caecisque
1022 3169 1201 3232 luminibus
1226 3169 1358 3252 signum
1388 3170 1466 3234 vitae

297 3271 450 3334 salutaris
475 3271 649 3354 inpressit³
693 3271 783 3356 Quid
809 3273 926 3356 plura?
983 3273 1083 3356 Fugit
1109 3273 1213 3350 dolor,
1238 3275 1369 3337 caecitas
1395 3274 1467 3338 luce

296 3376 549 3457 superveniente
567 3375 706 3458 sugatur.
753 3376 874 3459 Sicque
899 3375 1021 3440 lactum
1038 3387 1097 3452 est,
1113 3386 1150 3441 ut
1170 3376 1305 3441 morbus
1321 3379 1467 3460 corporis

298 3477 450 3541 morbum
467 3480 588 3542 mentis
613 3490 752 3557 curaret,
768 3482 919 3543 morbum
935 3501 1015 3544 vero
1037 3483 1182 3564 corporis
1205 3483 1266 3545 viri
1283 3481 1347 3545 Dei
1363 3484 1467 3547 virtus

297 3581 488 3665 expelleret
523 3582 537 3645 1
543 3604 561 3645 n
579 3595 719 3667 utroque
736 3586 843 3667 igitur,
859 3605 996 3668 corpore
1012 3585 1135 3649 scilicet
1151 3596 1184 3650 et
1201 3596 1321 3663 mente,
1330 3596 1466 3650 sanatus

296 3687 398 3770 coepit
422 3688 579 3770 deinceps
605 3699 756 3753 sanctum
781 3689 845 3752 Dei
862 3690 953 3752 omni
977 3687 1096 3753 aflectu
1120 3690 1227 3754 colere
1250 3700 1284 3754 et
1309 3691 1466 3771 venerari,

330 3903 452 3956 ssimitar
469 3902 593 3956 iustcnees
604 3905 633 3955 oi
645 3906 687 3956 tha
699 3922 783 3971 power
799 3906 828 3957 oi
842 3907 884 3959 the
896 3909 976 3958 crucis
986 3909 1088 3972 signum
1105 3924 1147 3958 are
1164 3923 1305 3957 numerous
1343 3907 1391 3958 See
1404 3909 1465 3958 Ros·

295 3985 388 4052 weyd's
413 3987 471 4036 Vita
489 3987 606 4038 Parrum.
651 3988 721 4039 With
742 3990 784 4040 the
803 3991 858 4056 sign
878 3990 908 4040 oi
924 3991 966 4041 the
986 4006 1054 4041 ctoss
1076 3991 1219 4040 Dorotheus
1238 3991 1358 4040 rendered
1378 3991 1467 4056 poison

294 4068 423 4128 barmless,
447 4079 494 4130 710
512 4085 545 4130 a;
570 4070 685 4121 Eudoxio
704 4072 792 4122 bealed
818 4090 833 4122 o
855 4074 976 4139 paralytie
998 4073 1055 4122 who
1078 4089 1129 4122 was
1151 4073 1205 4121 also
1226 4072 1287 4122 deal
1305 4073 1354 4121 and
1378 4073 1465 4133 dumb,

295 4151 343 4217 358
354 4169 387 4211 at
407 4151 532 4202 limnaeus
542 4155 616 4204 cured
629 4169 645 4202 a
657 4170 755 4204 woman
768 4155 798 4204 oi
811 4172 827 4205 a
843 4156 933 4220 deadly
950 4156 1056 4214 discate,
1070 4154 1117 4219 845
1129 4172 1163 4216 a;
1186 4156 1273 4204 Pastor
1290 4155 1364 4204 cured
1384 4171 1400 4204 a
1417 4155 1467 4219 boy

295 4235 352 4285 who
365 4250 415 4284 was
426 4233 532 4285 efflicterl
547 4236 581 4299 by
593 4236 635 4286 the
646 4237 721 4294 devil,
735 4240 785 4301 650
793 4238 823 4295 ὸς
837 4239 909 4288 Peter
920 4238 948 4287 ol
957 4239 1057 4288 Galatia
1068 4239 1143 4288 curett
1157 4238 1200 4287 the
1216 4237 1271 4286 wile
1282 4237 1311 4286 oi
1319 4237 1361 4286 the
1373 4237 1466 4301 prefect

294 4315 374 4365 nithe
387 4315 446 4366 Eest
458 4316 508 4365 and
520 4318 563 4367 the
575 4318 671 4368 mother
687 4318 716 4367 oi
729 4319 879 4379 Theoderet,
899 4317 947 4368 822
959 4319 981 4378 b,
1002 4319 1050 4381 823
1061 4334 1085 4368 a.
1121 4319 1190 4368 Rede
1207 4318 1331 4367 mentions
1347 4317 1419 4366 uther
1430 4317 1467 4367 in·

293 4408 409 4447 stancest
425 4414 482 4462 erg„
494 4398 562 4463 John
575 4399 604 4448 ol
616 4400 719 4465 lieterly
731 4401 805 4450 cured
823 4417 838 4450 a
854 4401 933 4450 dumb
949 4416 1007 4449 man
1026 4401 1058 4463 by
1075 4400 1175 4465 signing
1191 4399 1230 4448 his
1241 4408 1334 4463 tongue
1345 4398 1405 4448 with
1424 4399 1466 4449 the

294 4494 370 4529 crosa.
405 4479 473 4530 Esrl.
488 4481 567 4540 Hira,
582 4496 605 4531 v.
620 4494 644 4532 a.
681 4483 731 4532 For
742 4483 814 4534 other
825 4483 1009 4533 instances'see
1019 4484 1074 4533 also
1086 4484 1175 4549 Mayor
1186 4481 1237 4532 and
1255 4479 1375 4548 Lumby's
1386 4481 1468 4532 Bedae

294 4561 362 4614 Eccl.
375 4561 457 4624 Hira,
471 4578 496 4631 p.
511 4573 560 4629 279
568 4579 576 4624 ς
594 4563 644 4614 and
657 4561 762 4616 Reeve's
772 4566 919 4626 Adancnan,
934 4580 958 4632 p.
973 4576 1029 4636 351.
