3226 5520
218 462 260 550 36
727 462 873 534 νιτΑ
946 436 950 445 ’

216 669 375 736 sessorum
392 671 532 737 insertus
544 672 744 755 agminibus,
756 673 910 756 virgineis
926 673 1027 737 etiam
1043 672 1178 736 floribus
1191 670 1380 747 adomatus‚

215 773 249 838 in
265 795 300 839 se
315 775 533 858 sperantibus,
548 777 590 840 ad
608 796 642 839 sc
666 775 896 855 clamantibus,
911 798 947 840 se
970 776 1193 867 laudantibus,
1208 773 1380 839 subvenire

217 897 284 941 non
300 880 429 943 desinit.
460 878 618 962 Sepultus
630 890 681 945 est
694 890 804 945 autem
818 880 850 944 in
864 880 1002 944 ccclesia
1017 880 1105 944 beati
1123 879 1268 956 Martini,
1279 895 1380 961 quam

216 981 287 1065 ipse
316 1003 337 1047 a
365 982 591 1049 fundamentis
620 994 873 1064 construxerat,¹
896 985 1090 1068 positusque
1114 983 1148 1046 in
1175 982 1382 1065 sarcophago

217 1085 349 1169 lapideo
356 1087 457 1170 juxta
467 1087 580 1165 altare,
591 1088 680 1152 clero
692 1098 726 1153 ct
737 1087 862 1171 populo
874 1097 1014 1167 astante,
1026 1086 1226 1170 hymnisque
1239 1082 1380 1148 coelesti·

216 1190 278 1254 bus
290 1211 379 1270 voce,
390 1193 489 1256 corde
500 1212 575 1255 cum
587 1192 736 1274 suspiriis
750 1202 784 1257 et
797 1192 939 1256 lacrimis
955 1200 1161 1274 personante.
1197 1189 1266 1254 Ubi
1277 1188 1381 1251 virtus

216 1314 292 1380 quae
316 1295 350 1358 in
375 1296 507 1360 vivente
533 1296 695 1361 claruerat
710 1297 796 1360 circa
818 1317 937 1379 corpus
960 1293 1109 1359 defuncti
1131 1312 1290 1377 apparere
1313 1309 1379 1354 non

216 1409 340 1478 cessat,
356 1408 392 1464 ut
403 1401 512 1464 omnis
527 1399 632 1464 fidelis
644 1410 804 1485 agnoscat
816 1421 892 1465 eum
905 1401 937 1464 in
951 1398 1140 1464 coelestibus
1152 1398 1269 1474 vivere,
1280 1413 1380 1480 quem

217 1502 251 1566 in
281 1502 374 1566 terris
403 1513 535 1568 constat
564 1504 699 1587 operari
761 1504 817 1569 Ad
845 1504 916 1587 ejus
946 1522 1090 1585 namque
1122 1500 1379 1565 sacratissimum

216 1606 404 1672 tumulum³
423 1617 578 1670 curantur
600 1606 729 1685 infirmi,
746 1608 949 1671 mundantur
967 1606 1095 1689 leprosi,
1114 1614 1276 1669 terrentur
1290 1603 1381 1686 inpii,

217 1711 296 1775 caeci
318 1709 565 1775 illuminantur:
587 1711 620 1773 in
644 1712 763 1794 quibus
786 1712 940 1775 omnibus
963 1709 1046 1774 fides
1063 1709 1268 1774 credentium
1285 1708 1380 1772 robo-

217 1823 315 1894 ratur,
330 1815 373 1879 ad
389 1814 521 1880 laudem
537 1824 571 1880 ct
593 1814 732 1899 gloriam
753 1815 890 1880 Domini
912 1816 1015 1879 nostri
1039 1814 1136 1879 lhesu
1159 1813 1302 1891 Christi;
1323 1812 1381 1896 qui

216 1919 298 1983 vivit
324 1929 358 1984 et
380 1929 496 2002 regnat
518 1939 593 1983 cum
612 1919 686 1984 Deo
701 1930 795 2004 patre
818 1920 851 1984 in
875 1921 1004 1985 unitate
1028 1918 1171 2003 Spiritus
1192 1917 1307 1985 Sancti
1323 1935 1382 2000 per

217 2023 331 2088 omnia
344 2022 466 2088 saecula
480 2021 684 2089 saeculorum.
728 2023 851 2090 Amen.

621 2511 824 2578 CAPUT
870 2512 983 2577 XII.

457 2696 660 2766 Murcum
683 2712 948 2778 uumoumnuu
973 2698 1142 2764 Nmmur.

597 2914 621 2963 1.
647 2897 690 2961 In
705 2907 846 2980 paupere
866 2895 1013 2977 deformi.

217 3081 447 3149 TRANSLATO
463 3084 562 3168 igitur
576 3086 619 3150 ad
642 3107 778 3170 superos
800 3086 992 3152 beatissimo
1014 3083 1170 3160 Niniano‚
1185 3080 1280 3164 plebs
1302 3078 1382 3144 fide·

218 3183 298 3250 lium
310 3207 386 3270 quae
400 3189 566 3254 viventem
579 3190 751 3268 dilexerat,
761 3191 823 3255 hoc
833 3192 923 3274 quod
939 3193 981 3254 dc
993 3210 1033 3253 eo
1048 3188 1110 3252 sibi
1126 3185 1300 3251 videbatur
1310 3204 1382 3248 esse

216 3289 376 3369 relictum,
391 3293 617 3357 sanctissimas
639 3294 756 3358 scilicit
778 3295 849 3378 ejus
872 3293 1034 3376 reliquias,
1050 3310 1183 3355 summa
1204 3287 1381 3353 devotione

216 3391 455 3476 frequentabat
498 3395 601 3479 Cujus
614 3397 762 3480 religioni
779 3418 817 3460 ac
830 3396 905 3460 fidei
919 3396 1032 3460 favens
1049 3395 1217 3459 Divinitas
1229 3401 1380 3456 sanctum

216 3516 321 3575 suum,
337 3518 436 3580 quem
463 3501 649 3564 communis
671 3501 819 3565 conditio
835 3501 928 3564 terris
946 3509 1126 3577 exemerat,
1142 3500 1176 3561 in
1192 3495 1382 3562 coelestibus

108 3658 110 3663 .
216 3601 326 3665 vivere
351 3603 472 3667 crebris
496 3605 662 3669 miraculis
687 3606 933 3689 comprobabat.
980 3604 1122 3671 Cuidam
1149 3604 1192 3667 de
1216 3602 1313 3686 plebe
1338 3601 1381 3665 de

215 3725 321 3770 uxore
345 3707 478 3791 propria
503 3717 602 3773 natus
627 3718 678 3773 est
700 3706 786 3772 filius
811 3707 1015 3785 miserabilis,
1037 3708 1208 3790 utriusque
1234 3703 1380 3789 parentis

216 3807 320 3886 dolor,
331 3807 437 3892 plebis
449 3809 633 3890 admiratio,
644 3811 843 3875 intuentium
856 3810 977 3888 horror,
989 3829 1088 3893 quem
1101 3818 1217 3873 contra
1229 3814 1380 3870 naturam

249 4090 261 4116 2
275 4076 310 4127 So
321 4075 447 4140 tradition,
461 4079 512 4129 and
524 4078 636 4130 Bubour
647 4079 707 4130 who
718 4095 790 4145 says:

570 4177 642 4220 “And
651 4176 673 4219 in
682 4178 747 4220 stnct
758 4176 865 4230 Martynis
874 4176 934 4220 lrirlre

592 4245 643 4287 We
650 4244 728 4287 anteit
737 4246 784 4287 that
793 4246 820 4287 he
829 4255 876 4297 gest
885 4245 952 4293 virlre,

591 4312 641 4354 And
650 4311 672 4354 io
681 4325 695 4354 a
703 4313 786 4364 corclyk
795 4312 850 4354 liste
859 4313 958 4364 usstane,

592 4379 627 4422 Til
636 4393 701 4433 mony
709 4379 765 4432 yeis
774 4394 817 4423 vm
825 4381 941 4433 purgone?
966 4380 989 4422 ll.
999 4383 1091 4432 ary-618.

248 4497 261 4533 ³
275 4482 386 4533 Barbour
397 4489 472 4533 statos
489 4482 543 4533 that
560 4482 603 4533 the
614 4482 697 4534 shrine
709 4484 793 4534 would
810 4485 842 4534 be
852 4483 942 4535 visited
959 4485 985 4534 in
1002 4501 1051 4536 one
1067 4485 1116 4548 day
1127 4485 1161 4548 by
1170 4500 1199 4533 as
1210 4500 1284 4548 many
1294 4499 1322 4533 as
1338 4491 1381 4533 ten

215 4560 338 4615 thomam
350 4580 461 4630 persona,
473 4565 532 4616 who
541 4580 612 4616 came
623 4564 687 4616 from
702 4567 806 4630 Franco,
821 4567 947 4633 Eugland,
961 4567 1049 4634 Spain,
1063 4567 1157 4630 wne,
1172 4567 1280 4618 Irelaud.
