3226 5520
222 467 283 538 134
510 453 657 519 va
695 451 998 519 11.-1,1nen
1035 451 1092 518 11.

216 659 278 725 bus
308 680 384 725 cum
415 680 537 745 magna
566 659 824 743 exprobratione
853 667 1026 741 coeperunt
1055 656 1202 738 illudere,
1231 678 1386 742 suosque,

217 765 311 848 quasi
328 764 486 843 fortiores,
503 763 714 849 magnificare
734 763 824 842 deos,
840 761 1103 828 Christianorum
1118 782 1206 842 uero,
1221 771 1384 847 tanquam

216 867 396 948 infirmiori,
413 869 487 934 Deo
502 869 669 953 derogare.
715 866 802 951 Quae
817 867 930 931 omnia
945 887 1022 932 cum
1037 867 1137 932 beato
1152 867 1386 933 intimarentur

217 973 296 1051 viro,
312 972 383 1037 zelo
398 973 576 1037 suscitatus
592 973 667 1051 Dei,
682 973 725 1036 ad
748 973 886 1035 domum
909 990 986 1035 cum
1009 970 1077 1035 suis
1092 971 1272 1035 comitibus
1287 971 1385 1035 amici

217 1077 324 1159 pergit
354 1077 483 1158 plebeii,
513 1076 570 1140 ubi
600 1085 752 1159 parentes
783 1093 888 1157 nuper
921 1073 1088 1138 deiunctae
1117 1074 1219 1158 prolis
1250 1085 1386 1139 maestas

216 1178 428 1243 celebrabant
443 1179 610 1261 exequias
656 1178 751 1263 Quos
767 1176 910 1244 Sanctus
925 1177 1023 1242 valde
1041 1175 1245 1242 tristificatos
1260 1178 1387 1256 videns,

217 1280 416 1346 confirmans
442 1282 540 1346 dictis
566 1282 746 1363 compellat
771 1281 1008 1359 consolatoriis,
1034 1289 1072 1346 ut
1098 1281 1190 1347 nullo
1213 1283 1318 1348 modo
1343 1284 1386 1349 de

217 1386 329 1451 divina
338 1386 582 1469 omnipotentia
591 1385 790 1451 dubitarent.
818 1385 1133 1470 Consequenterque
1142 1396 1387 1471 percunctatur,

217 1489 352 1556 dicens:
377 1489 416 1552 ln
432 1509 500 1574 quo
515 1489 695 1573 hospitiolo
717 1509 836 1573 corpus
851 1488 999 1553 defuncti
1018 1487 1109 1572 jacet
1123 1489 1243 1574 pueri?
1287 1490 1389 1557 Pater

217 1600 289 1657 tum
305 1593 441 1657 orbatus
457 1592 618 1659 Sanctum
635 1594 697 1658 sub
712 1601 866 1658 maestum
882 1592 1018 1657 deducit
1032 1591 1174 1672 culmen,
1188 1594 1247 1677 qui
1262 1596 1389 1677 statim,

217 1715 351 1760 omnem
368 1694 447 1760 soris
459 1695 631 1762 exclusam
643 1696 832 1780 relinquens
847 1705 1023 1774 catervam,
1034 1695 1123 1761 solus
1138 1697 1389 1765 maestificatum

218 1799 320 1864 intrat
341 1799 578 1883 habitaculum,
601 1801 658 1865 ubi
682 1800 778 1879 illico,
805 1799 901 1864 flexis
923 1799 1075 1884 genibus,
1097 1799 1215 1867 faciem
1240 1803 1388 1870 ubertim

217 1903 373 1988 lacrymis
411 1903 558 1988 irrigans,
592 1903 761 1970 Christum
799 1912 952 1988 precatur
989 1903 1197 1985 Dominum,
1236 1915 1274 1972 et
1310 1917 1423 1992 post‘

217 2005 532 2091 ingeniculationem
548 2028 694 2093 surgens,
703 2006 818 2072 oculos
829 2009 991 2073 convertit
1003 2008 1046 2074 ad
1062 2017 1241 2091 mortuum,
1250 2008 1392 2080 dicens:

221 2111 258 2174 ln
276 2111 410 2175 nomine
426 2111 563 2176 Domini
586 2111 665 2194 Jesu
682 2111 804 2178 Christi
827 2111 1030 2192 resuscitare,
1044 2121 1080 2178 et
1094 2120 1146 2178 sta
1167 2134 1269 2198 super
1283 2117 1392 2201 pedes

217 2222 300 2278 tuos.
346 2214 432 2280 Cum
448 2214 510 2280 hac
528 2215 643 2281 Sancti
658 2214 842 2280 honorabili
857 2235 939 2280 voce
954 2216 1068 2282 anima
1081 2216 1125 2282 ad
1140 2237 1262 2305 corpus
1278 2220 1393 2301 rediit,

217 2317 460 2401 defunctusque
494 2319 618 2403 apertis
655 2320 776 2384 revixit
805 2319 919 2397 oculis,
956 2320 1051 2404 cujus
1087 2341 1223 2386 manum
1267 2332 1393 2391 tenens

218 2422 420 2505 apostolicus
435 2423 536 2487 homo
547 2424 664 2503 erexit,
675 2432 710 2488 et
726 2424 758 2487 in
774 2425 918 2488 statione
929 2424 1109 2504 stabiliens,
1119 2444 1233 2491 secum
1246 2427 1393 2495 domum

218 2546 368 2608 egressus
384 2527 527 2604 deducit,
543 2538 577 2591 et
599 2528 792 2610 parentibus
815 2529 997 2593 redivivum
1013 2529 1204 2613 assignavit.
1250 2531 1394 2600 Clamor

218 2641 290 2694 tum
307 2630 421 2714 populi
446 2631 617 2710 attollitur,
633 2632 774 2715 plangor
789 2631 821 2696 in
845 2633 1049 2698 laetationem
1065 2635 1278 2715 convertitur,
1294 2637 1395 2704 Deus

220 2732 484 2798 Christianorum
500 2733 709 2818 glorificatur.
743 2735 819 2800 Hoc
835 2745 947 2801 noster
962 2736 1127 2803 Columba
1141 2758 1218 2803 cum
1236 2739 1343 2806 Helia
1358 2753 1396 2810 et

221 2837 359 2901 Heliseo
374 2838 545 2921 prophetis
560 2837 682 2902 habeat
697 2838 760 2902 sibi
776 2859 953 2904 commune
968 2841 1098 2906 virtutis
1114 2841 1313 2908 miraculum
1327 2868 1337 2926 ;
1358 2856 1396 2913 et

219 2961 295 3006 cum
309 2942 407 3007 Petro
419 2953 453 3008 et
464 2943 568 3008 Paulo
577 2953 611 3007 et
625 2943 773 3008 lohanne
785 2944 945 3027 apostolis
956 2953 1084 3028 partem
1096 2944 1231 3013 honoris
1242 2948 1394 3017 similem

219 3046 252 3109 in
283 3045 514 3111 defunctorum
553 3046 823 3112 resuscitatione:
857 3059 890 3113 et
921 3050 1005 3113 inter
1034 3059 1200 3134 utrosque,
1229 3049 1297 3117 hoc
1331 3066 1396 3134 est,

219 3151 454 3232 prophetarum
472 3159 505 3212 et
517 3150 744 3233 apostolorum
757 3160 871 3228 coetus,
884 3152 1098 3216 honorificam
1111 3153 1257 3218 coelestis
1270 3161 1395 3239 patriae

219 3254 332 3316 sedem
346 3253 447 3317 homo
463 3254 675 3337 propheticus
686 3263 720 3319 et
732 3255 933 3338 apostolicus
949 3258 1139 3322 aeternalem
1154 3278 1229 3323 cum
1244 3259 1396 3342 Christe,

220 3357 276 3437 qui
307 3368 423 3440 regnat
449 3377 525 3421 cum
550 3359 647 3423 Patre
673 3359 707 3421 in
730 3358 858 3423 unitate
885 3360 1028 3443 Spiritus
1050 3360 1165 3427 Sancti
1191 3383 1252 3446 per
1274 3369 1397 3433 omnia

220 3460 341 3524 saecula
356 3461 559 3526 saeculorum.
606 3462 726 3527 Amen.

624 3919 783 3986 CAPUT
814 3921 985 3988 ΧΧΧΙΙΙ.

219 4122 271 4186 De
285 4122 465 4189 Broiclzano
480 4146 573 4209 mago
591 4125 627 4190 ob
641 4127 766 4190 ancilloe
786 4129 990 4193 retenttonem
1006 4130 1180 4215 infirmato,
1193 4141 1227 4196 ct
1238 4144 1306 4216 pro
1320 4139 1399 4220 ejus

637 4231 823 4296 liberatione
848 4244 969 4299 sanata

220 4392 356 4482 FTODEM
387 4418 419 4480 in
450 4428 609 4502 tempore,
634 4421 683 4483 vir
713 4423 920 4487 venerandus
950 4423 1118 4506 quandam
1150 4444 1171 4488 a
1197 4424 1396 4495 Broichano

218 4541 317 4605 mago
345 4523 526 4588 Scotticam
553 4523 733 4607 postulavit
763 4546 891 4591 servam
922 4527 1139 4594 humanitatis
1170 4528 1395 4602 miseratione
