3226 5520
597 507 909 578 COLUMBAE.
1291 523 1333 593 93

167 715 307 799 proinde
333 715 490 799 plebeius,
517 716 652 782 nomine
682 714 878 795 Glasdercis‚
904 724 939 781 et
968 715 1039 799 ipse
1068 716 1112 781 de
1141 712 1209 779 filio
1234 736 1334 799 quern

168 820 291 885 ibidem
318 841 430 888 secum
457 821 582 901 habuit,
608 821 823 886 nihilominus
846 821 1061 905 interrogans,
1087 819 1188 885 talem
1220 820 1336 887 Sancti

169 925 262 990 audit
284 926 552 1011 responsionem:
576 926 680 992 Filius
702 934 779 992 tuus
796 925 950 991 Emanus
965 945 1042 991 suos
1057 924 1183 990 videbit
1198 936 1336 1009 nepotes

168 1038 203 1094 et
232 1030 266 1094 in
296 1030 358 1095 hac
388 1031 496 1098 insula
524 1051 629 1097 senex
659 1031 844 1115 sepelietur.
900 1031 987 1116 Quae
1009 1031 1131 1109 omnia,
1153 1031 1334 1096 secundum

168 1134 305 1199 verbum
323 1134 447 1216 Sancti,
462 1136 504 1201 de
523 1136 634 1222 pueris
649 1135 822 1215 ambobus,
836 1135 904 1201 suis
926 1135 1024 1219 plene
1039 1136 1244 1221 temporibus
1259 1145 1336 1202 sunt

169 1237 314 1322 expleta

565 1659 769 1727 CAPUT
807 1659 953 1728 XVII.

169 1865 222 1931 De
243 1865 359 1950 Colgr'o,
376 1865 466 1931 Aido
486 1866 688 1952 Draigm’che
702 1866 787 1951 filio,
809 1887 831 1931 a
852 1867 1015 1951 nepotum
1028 1865 1211 1953 Feclrureg²
1232 1867 1312 1934 Orto
1319 1892 1336 1944 ,-

202 1979 236 2035 et
254 1970 294 2034 de
313 1970 452 2054 quodam
474 1971 589 2037 occulto
610 1970 739 2036 Matris
759 1971 829 2055 eJirs
842 1980 976 2054 peccato,
990 1970 1161 2056 prophetia
1183 1972 1306 2039 Sancti.

171 2177 269 2244 ALIO
283 2177 316 2241 in
333 2184 492 2260 tempore,
507 2196 607 2262 supra
629 2183 849 2242 memoratum
866 2176 1032 2261 Colgium,
1046 2177 1136 2261 apud
1151 2197 1187 2242 ee
1202 2178 1235 2242 in
1254 2178 1337 2244 lona

170 2291 432 2346 commorantem
454 2280 569 2359 insula,
593 2280 738 2347 Sanctus
761 2282 804 2346 de
828 2301 887 2346 sua
914 2282 1095 2366 interrogat
1119 2282 1294 2365 genetrice,
1309 2283 1337 2348 si

170 2395 257 2451 esset
271 2385 433 2470 religiosa,
448 2404 489 2451 an
514 2405 588 2450 non.
634 2384 697 2452 Cui
712 2384 783 2469 ipse
799 2385 951 2470 inquiens
965 2386 1035 2451 ait:
1058 2386 1149 2451 Bene
1165 2396 1337 2467 moratam,

170 2499 204 2555 et
219 2490 316 2554 bonae
331 2489 440 2569 iamae,
455 2509 564 2555 meam
587 2488 664 2554 novi
688 2499 836 2555 matrem.
882 2489 1026 2556 Sanctus
1040 2499 1113 2555 tum
1133 2491 1181 2555 sic
1196 2490 1336 2576 prophe⁴

170 2595 234 2660 tice
249 2593 419 2679 profatur:
443 2594 537 2673 Mox,
549 2594 625 2659 Deo
635 2594 776 2673 volente,
788 2595 832 2659 ad
847 2592 997 2661 Scotiam
1009 2592 1185 2678 proiectus,
1195 2604 1336 2661 matrem

170 2699 361 2783 diligentius
376 2700 419 2764 de
433 2699 580 2783 quodam
595 2719 657 2765 suo
671 2698 848 2784 pergrandi
863 2709 1001 2783 peccato
1016 2700 1184 2783 interroga
1197 2700 1338 2780 occulto,

170 2804 260 2888 quod
283 2802 364 2868 nulli
387 2803 561 2869 hominum
583 2802 733 2870 confiteri
754 2803 833 2870 vult
888 2801 965 2887 Qui,
980 2802 1052 2868 baec
1073 2804 1222 2885 audiens,
1243 2805 1337 2871 obse-

170 2916 274 2987 cutus,
289 2908 332 2973 ad
350 2907 548 2974 Hiberniam
562 2909 745 2992 emigravit
792 2907 935 2973 Proinde
951 2918 1066 2988 mater,
1077 2908 1120 2973 ab
1135 2928 1176 2975 eo
1190 2911 1338 2976 studiose

170 3013 380 3096 interrogata,
395 3012 579 3096 quamlibet
602 3011 743 3097 primule
765 3010 919 3091 infitiens,
934 3021 1047 3078 tamen
1067 3033 1165 3079 suum
1187 3016 1338 3081 consessa

171 3126 221 3182 est
248 3127 445 3200 peccatum;
481 3126 516 3182 et
541 3117 643 3201 juxta
673 3116 788 3182 Sancti
815 3115 1065 3201 judicationem,
1094 3120 1337 3203 poenitudinem

171 3241 282 3305 agens,
297 3231 422 3299 sanata,
437 3222 479 3286 de
495 3241 530 3285 se
545 3222 636 3305 quod
649 3221 774 3287 Sancto
787 3220 1036 3286 manifestatum
1048 3232 1099 3287 est
1110 3223 1207 3289 valde
1219 3225 1338 3290 mirata

170 3336 228 3391 cst
274 3325 411 3409 Colgius
426 3346 512 3404 ver0‚
528 3328 570 3391 ad
591 3326 751 3392 Sanctum
776 3346 931 3403 reversus,
947 3346 1006 3410 per
1021 3326 1147 3411 aliquot
1161 3329 1232 3393 dies
1248 3330 1336 3413 apud

171 3448 247 3492 eum
278 3436 512 3505 commoratus,
540 3428 583 3492 de
612 3427 678 3493 fine
708 3428 758 3493 sui
788 3427 995 3513 interrogans
1027 3431 1195 3514 temporis,
1225 3433 1288 3497 hoc
1318 3454 1338 3497 a

172 3534 297 3599 Sancto
312 3533 406 3597 audit
428 3553 622 3617 responsum
638 3557 644 3598 :
669 3533 708 3598 in
725 3542 791 3612 tua,
806 3553 907 3617 quarn
923 3553 1025 3614 amas,
1041 3534 1149 3618 patria
1164 3536 1338 3620 primarius

170 3636 309 3721 alicujus
324 3635 471 3700 ecelesiae
494 3656 552 3719 per
574 3635 697 3702 multos
721 3637 784 3701 eris
808 3657 936 3718 annos;
958 3638 1035 3704 etsi
1060 3638 1143 3705 sorte
1159 3641 1339 3726 aliquando

171 3750 265 3806 tuum
281 3739 402 3806 videris
417 3741 608 3824 pincernam
625 3740 658 3804 in
675 3760 770 3805 eoena
785 3742 966 3807 amicorum
983 3743 1153 3809 ludentem
1166 3746 1338 3811 hauritori-

171 3864 294 3929 umque
316 3845 350 3908 in
373 3865 457 3929 gyro
479 3865 538 3928 per
559 3845 680 3910 collum
704 3854 923 3929 torquentem,
939 3848 1023 3912 scito
1046 3858 1080 3913 te
1096 3869 1177 3914 mox
1198 3850 1232 3914 in
1247 3850 1338 3917 brevi

172 3950 375 4015 moriturum
421 3949 512 4034 Quid
534 3949 652 4033 plura?
698 3949 783 4015 Haec
806 3951 923 4016 eadem
947 3951 1037 4018 beati
1051 3953 1111 4017 viri
1126 3954 1339 4039 prophetatio

170 4055 218 4118 sic
233 4074 293 4138 per
306 4053 419 4117 omnia
434 4062 485 4118 est
506 4053 697 4139 adimpleta,
712 4057 995 4139 quemadmodum
1019 4058 1061 4122 de
1077 4056 1196 4142 Colgio
1219 4061 1338 4125 eodem

171 4167 222 4223 est
237 4158 443 4242 prophetata

206 4428 386 4489 rGlardercur,
401 4429 550 4495 Greyeyed.

174 4511 254 4664 ux>
265 4510 330 4562 tribe
342 4510 484 4583 inhebiring
499 4526 532 4563 en
548 4511 676 4568 extensive
693 4519 755 4565 nect
772 4512 799 4567 in
816 4511 859 4568 the
870 4515 975 4568 modern
991 4516 1104 4570 countier
1121 4515 1150 4570 ol
1168 4517 1274 4590 Gelrrey
1290 4518 1341 4573 end
