3226 5520
224 484 285 553 192
497 469 645 536 vrrn
683 468 987 536 11.-LtBER
1025 469 1114 536 111.

220 679 263 742 ad
276 679 414 762 januam
429 688 565 758 stantes,
579 679 733 743 videlicet
758 678 875 761 Colgu,
892 678 977 742 lilius
1000 676 1163 754 Cellachi,
1179 688 1216 742 et
1244 676 1419 761 Lugneus

222 783 399 861 Mocublai,
414 803 548 847 causam
572 783 647 848 talis
672 782 791 847 subitae
814 783 1019 866 interrogant
1041 781 1144 846 vocis
1194 780 1344 865 Quibus
1367 782 1419 844 vir

220 888 416 951 venerabilis
442 888 504 952 hoc
530 889 624 953 dedit
650 907 853 970 responsum,
877 887 1048 969 inquiens:
1080 883 1224 968 Angelo
1255 884 1418 963 Domini,

221 993 277 1074 qui
293 1012 380 1055 nunc
396 993 480 1056 inter
495 1012 554 1056 vos
570 993 690 1071 stabat,
703 992 785 1075 jussi
801 1002 838 1055 ut
854 991 950 1055 alicui
969 1011 1013 1054 ex
1029 989 1190 1054 iratribus
1204 990 1255 1054 de
1272 1009 1417 1054 summo

220 1094 365 1158 culmine
383 1115 514 1178 magnae
538 1096 671 1158 domus¹
692 1094 787 1177 lapso
802 1102 872 1158 tam
895 1095 962 1158 cito
984 1093 1186 1170 subveniret,
1201 1114 1289 1178 quae
1306 1093 1363 1157 his
1378 1094 1414 1157 in

220 1197 337 1262 diebus
368 1197 528 1261 Roboreti
559 1197 701 1280 Campo³
729 1196 914 1262 fabricatur.
977 1197 1118 1281 Hocque
1149 1207 1416 1281 consequenter

220 1301 363 1367 Sanctus
389 1303 500 1367 intulit
526 1301 646 1377 famen,
673 1301 846 1385 inquiens:
877 1301 986 1366 Valde
1010 1301 1220 1365 admirabilis
1250 1313 1290 1366 et
1318 1322 1412 1386 pene

218 1406 395 1470 indicibilis
419 1414 469 1469 est
491 1405 631 1488 angelici
651 1405 782 1470 volatus
804 1406 991 1488 pernicitas,
1006 1404 1177 1489 fulgureae,
1192 1415 1232 1471 ut
1258 1407 1413 1484 aestimo,

220 1510 378 1574 celeritati
403 1510 522 1592 parilis.
581 1509 668 1572 Nam
691 1509 745 1573 ille
772 1508 929 1586 coelicola,
952 1509 1009 1592 qui
1032 1508 1110 1572 hinc
1132 1529 1154 1572 a
1176 1508 1283 1573 nobis
1307 1530 1413 1589 nunc,

219 1614 276 1677 illo
291 1614 361 1678 viro
376 1613 441 1677 labi
458 1614 645 1697 incipiente,
660 1613 813 1690 avolavit,
828 1613 922 1697 quasi
939 1613 972 1677 in
995 1613 1061 1677 ictu
1082 1611 1182 1691 oculi,
1198 1614 1411 1699 priusquam

220 1728 340 1782 terram
379 1728 539 1801 tangeret,
576 1718 784 1796 subveniens,
820 1737 896 1782 eurn
939 1717 1143 1793 sublevavit3
1190 1737 1257 1781 nec
1299 1718 1412 1783 ullam

221 1822 397 1887 fracturam
421 1833 479 1887 aut
503 1823 654 1886 laesuram
680 1821 735 1885 ille
757 1823 813 1904 qui
829 1822 949 1886 cecidit
971 1822 1092 1887 sentire
1114 1822 1234 1905 potuit
1287 1821 1412 1907 Quam

220 1928 395 2010 stupenda,
425 1927 570 2008 inquam,
597 1927 667 1989 haec
693 1925 901 1990 velocissima
927 1936 961 1990 et
987 1936 1177 2009 opportuna
1207 1928 1412 2005 subventio,

220 2051 303 2113 quae,
319 2032 409 2095 dicto
431 2031 536 2107 citius,
559 2031 661 2093 tantis
684 2031 784 2094 maris
805 2041 838 2095 et
861 2042 957 2096 terrae
979 2030 1256 2114 interjacentibus
1272 2034 1413 2117 spatiis,

219 2147 289 2199 tam
305 2136 476 2200 celerrime
491 2134 576 2199 effici
592 2136 708 2218 potuit

625 2538 824 2604 CAPUT
862 2538 985 2603 XVI.

221 2741 273 2806 De
286 2743 473 2827 angelorum
496 2744 705 2809 multitudine
727 2756 920 2823 sanctorum,
936 2745 1008 2809 vz'sa
1028 2744 1078 2809 ad
1095 2744 1194 2811 Beati
1212 2748 1408 2815 conanum

567 2850 643 2914 Viri
655 2851 695 2914 de
707 2851 779 2915 coelo
794 2850 1056 2915 descendentium

222 3036 320 3102 ALIO
344 3038 422 3103 item
447 3040 480 3103 in
504 3049 662 3122 tempore,
677 3042 822 3122 quadam
848 3041 910 3117 die,
928 3041 978 3103 vir
999 3041 1124 3118 beatus,
1147 3040 1180 3104 in
1208 3041 1295 3106 Iona
1320 3065 1405 3109 con·

220 3162 354 3203 versans
377 3143 492 3219 insula,
513 3143 667 3207 iratribus
690 3146 908 3226 congregatis
931 3165 1006 3208 curn
1031 3146 1157 3227 ingenti
1182 3147 1403 3213 animadver-

222 3245 322 3321 sione,
352 3247 573 3323 denunciavit,
603 3249 645 3310 ad
677 3268 733 3310 eos
764 3249 899 3312 dicens:
939 3249 1052 3313 Hodie
1082 3249 1115 3312 in
1148 3250 1402 3318 occidentalem

222 3359 342 3412 nostrae
359 3351 548 3432 campulum
566 3351 682 3414 insulae
706 3351 794 3415 solus
818 3354 909 3416 exire
933 3355 1037 3436 cupio.
1085 3353 1194 3418 Nemo
1218 3355 1337 3438 itaque
1353 3379 1400 3421 ex

219 3453 313 3514 vobis
331 3473 383 3515 me
400 3467 562 3536 sequatur.
609 3454 739 3537 Quibus
759 3456 1071 3533 obsecundantibus,
1086 3457 1176 3521 solus
1191 3460 1343 3541 quidem,
1361 3475 1401 3527 ut

222 3555 333 3633 voluit,
371 3559 544 3639 egreditur.
607 3560 674 3624 Sed
708 3561 808 3625 irater
837 3563 983 3643 quidam,
1013 3563 1151 3627 callidus
1188 3563 1400 3647 explorator,

225 3706 367 3718 κ.-

253 3794 459 3857 ²“Probably,’'
482 3812 537 3858 says
566 3797 610 3845 Dr.
638 3798 742 3856 Reeves,
770 3798 839 3847 “the
862 3801 965 3855 majoris
991 3800 1078 3848 domus
1091 3800 1202 3862 fabrica,
1229 3800 1313 3850 which
1344 3820 1398 3854 was

221 3877 318 3925 erectevl
342 3877 367 3924 in
391 3878 497 3925 Durrow
520 3879 594 3926 while
617 3879 711 3938 Laisre,
736 3896 780 3928 son
804 3880 833 3928 oi
854 3882 1006 3942 Feradhach,
1032 3882 1146 3946 presided
1170 3881 1266 3932 there.”
1311 3887 1397 3937 “The

222 3970 320 4023 present
332 3958 460 4023 chapter,’'
473 3960 504 4009 he
517 3962 569 4008 also
581 3962 704 4019 observes,
721 3962 856 4026 “supplies
868 3980 883 4011 a
895 3973 959 4012 most
972 3963 1086 4013 valuable
1098 3964 1150 4013 link
1162 3963 1188 4012 in
1200 3963 1242 4014 the
1259 3963 1359 4031 history
1370 3969 1402 4018 ol'

223 4042 265 4090 the
279 4042 368 4090 Round
382 4043 500 4102 Tovem,
518 4044 536 4091 it
549 4043 632 4107 points
649 4053 675 4091 to
688 4044 751 4093 their
769 4045 877 4109 primary
890 4061 932 4094 use
948 4062 976 4095 as
994 4046 1116 4097 monastic
1133 4046 1234 4105 abodes,
1248 4047 1344 4098 known
1364 4051 1398 4114 by

222 4125 264 4173 the
278 4141 350 4173 name
363 4125 545 4173 illonasnrium
556 4128 711 4185 Rotundum,
724 4128 772 4175 and
786 4129 906 4191 regarded
917 4144 944 4176 as
956 4127 1091 4193 belonging
1102 4137 1129 4178 to
1140 4145 1155 4177 a
1166 4128 1229 4177 class
1239 4129 1269 4178 oi
1278 4131 1397 4197 building

221 4206 301 4255 called
315 4222 405 4267 magna
417 4223 445 4255 or
458 4208 641 4269 majordomus,
656 4224 683 4256 as
700 4209 967 4271 contradistinguished
986 4211 1048 4259 irum
1061 4211 1104 4260 the
1120 4211 1222 4261 humble
1239 4212 1301 4261 cells
1312 4215 1344 4263 ot'
1353 4216 1397 4265 the

222 4303 289 4336 same
301 4287 363 4335 sorni
376 4305 383 4346 3
400 4287 573 4352 antecedently
585 4297 611 4338 to
624 4289 666 4338 the
679 4290 738 4339 time
751 4291 822 4340 when
839 4292 903 4350 bells,
917 4291 968 4341 like
985 4293 1057 4342 other
1068 4293 1181 4358 reliques,
1192 4294 1310 4358 acquired
1329 4297 1395 4347 from

221 4385 268 4432 age
281 4369 341 4418 such
352 4385 385 4418 an
397 4379 498 4419 amount
518 4370 546 4418 ol
560 4372 743 4421 venerationes
756 4384 781 4422 to
801 4375 885 4423 confer
902 4390 968 4438 upon
987 4375 1029 4424 the
1045 4374 1172 4440 buildings
1189 4375 1215 4424 in
1233 4376 1316 4427 which
1335 4380 1396 4444 they

223 4467 286 4500 were
299 4454 428 4515 preserved
441 4453 482 4502 the
494 4470 567 4503 name
584 4454 613 4504 ol
623 4455 755 4505 Cloe-nach
769 4472 796 4504 or
809 4457 978 4506 Bell-house.''

255 4536 395 4585 silurrow.
