<?xml version="1.0" encoding="UTF-8"?>
<!DOCTYPE html PUBLIC "-//W3C//DTD XHTML 1.0 Transitional//EN"
    "http://www.w3.org/TR/xhtml1/DTD/xhtml1-transitional.dtd">
<html xmlns="http://www.w3.org/1999/xhtml" xml:lang="en" lang="en">
 <head>
  <title>
</title>
<meta http-equiv="Content-Type" content="text/html;charset=utf-8" />
  <meta name='ocr-system' content='tesseract 3.04.00' />
  <meta name='ocr-capabilities' content='ocr_page ocr_carea ocr_par ocr_line ocrx_word'/>
</head>
<body>
  <div class='ocr_page' id='page_1' title='image "./pinkertonslives00pinkgoog_0129.png"; bbox 0 0 3226 5520; ppageno 0'>
   <div class='ocr_carea' id='block_1_1' title="bbox 349 467 1004 534">
    <p class='ocr_par' dir='ltr' id='par_1_1' title="bbox 349 467 1004 534">
     <span class='ocr_line' id='line_1_1' title="bbox 349 467 1004 534; baseline -0.002 0"><span class='ocrx_word' id='word_1_1' title='bbox 349 469 392 534; x_wconf 87' lang='lat'>68</span> <span class='ocrx_word' id='word_1_2' title='bbox 858 467 1004 534; x_wconf 84' lang='lat' dir='ltr'>VITA</span> 
     </span>
    </p>
   </div>
   <div class='ocr_carea' id='block_1_2' title="bbox 349 673 1518 2009">
    <p class='ocr_par' dir='ltr' id='par_1_2' title="bbox 349 673 1518 2009">
     <span class='ocr_line' id='line_1_2' title="bbox 350 673 1512 762; baseline -0.003 -21"><span class='ocrx_word' id='word_1_3' title='bbox 350 675 473 741; x_wconf 88' lang='lat' dir='ltr'>bellum</span> <span class='ocrx_word' id='word_1_4' title='bbox 505 675 681 759; x_wconf 85' lang='lat' dir='ltr'>procedere</span> <span class='ocrx_word' id='word_1_5' title='bbox 706 676 812 760; x_wconf 84' lang='lat' dir='ltr'>jussit</span> <span class='ocrx_word' id='word_1_6' title='bbox 866 677 933 762; x_wconf 83' lang='lat' dir='ltr'>Qui</span> <span class='ocrx_word' id='word_1_7' title='bbox 961 677 1091 760; x_wconf 88' lang='lat' dir='ltr'>jubenti</span> <span class='ocrx_word' id='word_1_8' title='bbox 1118 676 1248 760; x_wconf 89' lang='lat' dir='ltr'>paruit:</span> <span class='ocrx_word' id='word_1_9' title='bbox 1277 682 1312 740; x_wconf 89' lang='lat' dir='ltr'>et</span> <span class='ocrx_word' id='word_1_10' title='bbox 1341 673 1512 739; x_wconf 89' lang='lat' dir='ltr'>victoriam</span> 
     </span>
     <span class='ocr_line' id='line_1_3' title="bbox 350 778 1515 865; baseline -0.003 -21"><span class='ocrx_word' id='word_1_11' title='bbox 350 781 538 864; x_wconf 82' lang='lat' dir='ltr'>promeruit</span> <span class='ocrx_word' id='word_1_12' title='bbox 584 780 749 845; x_wconf 84' lang='lat' dir='ltr'>Reversus</span> <span class='ocrx_word' id='word_1_13' title='bbox 763 801 896 864; x_wconf 88' lang='lat' dir='ltr'>quoque</span> <span class='ocrx_word' id='word_1_14' title='bbox 911 788 1028 865; x_wconf 90' lang='lat' dir='ltr'>postea</span> <span class='ocrx_word' id='word_1_15' title='bbox 1043 781 1146 845; x_wconf 90' lang='lat' dir='ltr'>totius</span> <span class='ocrx_word' id='word_1_16' title='bbox 1158 778 1315 844; x_wconf 84' lang='lat' dir='ltr'>Britauiae</span> <span class='ocrx_word' id='word_1_17' title='bbox 1329 778 1515 863; x_wconf 85' lang='lat' dir='ltr'>Imperator</span> 
     </span>
     <span class='ocr_line' id='line_1_4' title="bbox 351 881 1514 968; baseline -0.002 -21"><span class='ocrx_word' id='word_1_18' title='bbox 351 905 371 947; x_wconf 90' lang='lat' dir='ltr'>a</span> <span class='ocrx_word' id='word_1_19' title='bbox 387 884 461 947; x_wconf 90' lang='lat' dir='ltr'>Deo</span> <span class='ocrx_word' id='word_1_20' title='bbox 476 883 656 962; x_wconf 88' lang='lat' dir='ltr'>ordinatur,</span> <span class='ocrx_word' id='word_1_21' title='bbox 679 893 713 948; x_wconf 89' lang='lat' dir='ltr'>et</span> <span class='ocrx_word' id='word_1_22' title='bbox 728 894 800 948; x_wconf 86' lang='lat' dir='ltr'>tota</span> <span class='ocrx_word' id='word_1_23' title='bbox 814 904 897 968; x_wconf 82' lang='lat' dir='ltr'>gens</span> <span class='ocrx_word' id='word_1_24' title='bbox 914 883 971 948; x_wconf 86' lang='lat' dir='ltr'>illa</span> <span class='ocrx_word' id='word_1_25' title='bbox 996 883 1086 967; x_wconf 93' lang='lat' dir='ltr'>prius</span> <span class='ocrx_word' id='word_1_26' title='bbox 1109 882 1278 948; x_wconf 87' lang='lat' dir='ltr'>incredula</span> <span class='ocrx_word' id='word_1_27' title='bbox 1291 881 1514 965; x_wconf 81' lang='lat' dir='ltr'>baptizatur,⁷</span> 
     </span>
     <span class='ocr_line' id='line_1_5' title="bbox 350 985 1513 1053; baseline -0.003 -1"><span class='ocrx_word' id='word_1_28' title='bbox 350 995 458 1053; x_wconf 93' lang='lat' dir='ltr'>totum</span> <span class='ocrx_word' id='word_1_29' title='bbox 485 988 585 1052; x_wconf 88' lang='lat' dir='ltr'>etiam</span> <span class='ocrx_word' id='word_1_30' title='bbox 613 989 772 1053; x_wconf 91' lang='lat' dir='ltr'>mundum</span> <span class='ocrx_word' id='word_1_31' title='bbox 799 988 901 1053; x_wconf 90' lang='lat' dir='ltr'>veluti</span> <span class='ocrx_word' id='word_1_32' title='bbox 926 1008 995 1053; x_wconf 91' lang='lat' dir='ltr'>uno</span> <span class='ocrx_word' id='word_1_33' title='bbox 1019 986 1098 1051; x_wconf 91' lang='lat' dir='ltr'>solis</span> <span class='ocrx_word' id='word_1_34' title='bbox 1123 987 1217 1052; x_wconf 89' lang='lat' dir='ltr'>radio</span> <span class='ocrx_word' id='word_1_35' title='bbox 1241 985 1416 1051; x_wconf 91' lang='lat' dir='ltr'>collectum</span> <span class='ocrx_word' id='word_1_36' title='bbox 1440 985 1513 1049; x_wconf 94' lang='lat' dir='ltr'>sinu</span> 
     </span>
     <span class='ocr_line' id='line_1_6' title="bbox 352 1088 1513 1175; baseline -0.002 -20"><span class='ocrx_word' id='word_1_37' title='bbox 352 1092 476 1155; x_wconf 92' lang='lat' dir='ltr'>meritis</span> <span class='ocrx_word' id='word_1_38' title='bbox 498 1092 691 1156; x_wconf 89' lang='lat' dir='ltr'>mirabiliter</span> <span class='ocrx_word' id='word_1_39' title='bbox 715 1091 831 1157; x_wconf 86' lang='lat' dir='ltr'>laxato</span> <span class='ocrx_word' id='word_1_40' title='bbox 852 1092 1026 1157; x_wconf 82' lang='lat' dir='ltr'>manifeste</span> <span class='ocrx_word' id='word_1_41' title='bbox 1048 1092 1248 1175; x_wconf 86' lang='lat' dir='ltr'>perspiciens</span> <span class='ocrx_word' id='word_1_42' title='bbox 1274 1088 1513 1174; x_wconf 83' lang='lat' dir='ltr'>speculabatur.</span> 
     </span>
     <span class='ocr_line' id='line_1_7' title="bbox 352 1193 1515 1278; baseline -0.003 -19"><span class='ocrx_word' id='word_1_43' title='bbox 352 1194 507 1278; x_wconf 86' lang='lat' dir='ltr'>Quadam</span> <span class='ocrx_word' id='word_1_44' title='bbox 523 1196 623 1260; x_wconf 88' lang='lat' dir='ltr'>etiam</span> <span class='ocrx_word' id='word_1_45' title='bbox 639 1196 694 1260; x_wconf 91' lang='lat' dir='ltr'>die</span> <span class='ocrx_word' id='word_1_46' title='bbox 710 1196 852 1262; x_wconf 86' lang='lat' dir='ltr'>Sanctus</span> <span class='ocrx_word' id='word_1_47' title='bbox 869 1196 932 1262; x_wconf 88' lang='lat' dir='ltr'>Dei</span> <span class='ocrx_word' id='word_1_48' title='bbox 949 1196 1100 1260; x_wconf 89' lang='lat' dir='ltr'>ministro</span> <span class='ocrx_word' id='word_1_49' title='bbox 1115 1215 1176 1260; x_wconf 90' lang='lat' dir='ltr'>suo</span> <span class='ocrx_word' id='word_1_50' title='bbox 1190 1213 1388 1278; x_wconf 87' lang='lat' dir='ltr'>campanam</span> <span class='ocrx_word' id='word_1_51' title='bbox 1404 1193 1515 1258; x_wconf 88' lang='lat' dir='ltr'>subito</span> 
     </span>
     <span class='ocr_line' id='line_1_8' title="bbox 350 1297 1514 1384; baseline -0.003 -20"><span class='ocrx_word' id='word_1_52' title='bbox 350 1298 480 1382; x_wconf 91' lang='lat' dir='ltr'>pulsare</span> <span class='ocrx_word' id='word_1_53' title='bbox 503 1301 668 1383; x_wconf 83' lang='lat' dir='ltr'>praecepit,</span> <span class='ocrx_word' id='word_1_54' title='bbox 691 1301 784 1384; x_wconf 89' lang='lat' dir='ltr'>cujus</span> <span class='ocrx_word' id='word_1_55' title='bbox 815 1301 925 1365; x_wconf 91' lang='lat' dir='ltr'>sonitu</span> <span class='ocrx_word' id='word_1_56' title='bbox 948 1300 1064 1365; x_wconf 84' lang='lat' dir='ltr'>fratres</span> <span class='ocrx_word' id='word_1_57' title='bbox 1086 1299 1213 1365; x_wconf 91' lang='lat' dir='ltr'>incitati</span> <span class='ocrx_word' id='word_1_58' title='bbox 1243 1297 1415 1363; x_wconf 90' lang='lat' dir='ltr'>ecclesiam</span> <span class='ocrx_word' id='word_1_59' title='bbox 1439 1316 1514 1381; x_wconf 89' lang='lat' dir='ltr'>pro·</span> 
     </span>
     <span class='ocr_line' id='line_1_9' title="bbox 350 1401 1516 1488; baseline -0.002 -21"><span class='ocrx_word' id='word_1_60' title='bbox 350 1403 440 1467; x_wconf 89' lang='lat' dir='ltr'>tinus</span> <span class='ocrx_word' id='word_1_61' title='bbox 468 1413 546 1469; x_wconf 91' lang='lat' dir='ltr'>sunt</span> <span class='ocrx_word' id='word_1_62' title='bbox 575 1405 720 1487; x_wconf 85' lang='lat' dir='ltr'>ingressi</span> <span class='ocrx_word' id='word_1_63' title='bbox 766 1404 896 1488; x_wconf 86' lang='lat' dir='ltr'>Quibus</span> <span class='ocrx_word' id='word_1_64' title='bbox 919 1405 1081 1471; x_wconf 86' lang='lat' dir='ltr'>Sanctus:</span> <span class='ocrx_word' id='word_1_65' title='bbox 1113 1404 1176 1468; x_wconf 90' lang='lat' dir='ltr'>Pro</span> <span class='ocrx_word' id='word_1_66' title='bbox 1206 1402 1373 1480; x_wconf 75' lang='grc' dir='ltr'>Αἰάειηο,8</span> <span class='ocrx_word' id='word_1_67' title='bbox 1395 1401 1451 1480; x_wconf 88' lang='lat' dir='ltr'>ait,</span> <span class='ocrx_word' id='word_1_68' title='bbox 1481 1410 1516 1465; x_wconf 88' lang='lat' dir='ltr'>et</span> 
     </span>
     <span class='ocr_line' id='line_1_10' title="bbox 352 1506 1516 1591; baseline -0.001 -21"><span class='ocrx_word' id='word_1_69' title='bbox 352 1506 476 1590; x_wconf 91' lang='lat' dir='ltr'>populo</span> <span class='ocrx_word' id='word_1_70' title='bbox 501 1507 581 1591; x_wconf 87' lang='lat' dir='ltr'>ejus,</span> <span class='ocrx_word' id='word_1_71' title='bbox 608 1528 720 1591; x_wconf 90' lang='lat' dir='ltr'>preces</span> <span class='ocrx_word' id='word_1_72' title='bbox 747 1509 875 1574; x_wconf 81' lang='lat' dir='ltr'>fundite</span> <span class='ocrx_word' id='word_1_73' title='bbox 910 1509 953 1573; x_wconf 91' lang='lat' dir='ltr'>ad</span> <span class='ocrx_word' id='word_1_74' title='bbox 990 1508 1182 1573; x_wconf 91' lang='lat' dir='ltr'>Dominum.</span> <span class='ocrx_word' id='word_1_75' title='bbox 1241 1507 1288 1572; x_wconf 91' lang='lat' dir='ltr'>Et</span> <span class='ocrx_word' id='word_1_76' title='bbox 1313 1516 1389 1591; x_wconf 94' lang='lat' dir='ltr'>post</span> <span class='ocrx_word' id='word_1_77' title='bbox 1415 1506 1516 1570; x_wconf 91' lang='lat' dir='ltr'>inter·</span> 
     </span>
     <span class='ocr_line' id='line_1_11' title="bbox 350 1611 1517 1697; baseline -0.002 -23"><span class='ocrx_word' id='word_1_78' title='bbox 350 1611 473 1675; x_wconf 90' lang='lat' dir='ltr'>vallum</span> <span class='ocrx_word' id='word_1_79' title='bbox 489 1632 639 1696; x_wconf 83' lang='lat' dir='ltr'>egressus</span> <span class='ocrx_word' id='word_1_80' title='bbox 664 1612 815 1697; x_wconf 89' lang='lat' dir='ltr'>coeloque</span> <span class='ocrx_word' id='word_1_81' title='bbox 838 1614 1022 1690; x_wconf 91' lang='lat' dir='ltr'>intendens,</span> <span class='ocrx_word' id='word_1_82' title='bbox 1037 1614 1102 1678; x_wconf 88' lang='lat' dir='ltr'>ait:</span> <span class='ocrx_word' id='word_1_83' title='bbox 1127 1612 1226 1676; x_wconf 91' lang='lat' dir='ltr'>Nunc</span> <span class='ocrx_word' id='word_1_84' title='bbox 1243 1611 1383 1675; x_wconf 88' lang='lat' dir='ltr'>barbara</span> <span class='ocrx_word' id='word_1_85' title='bbox 1398 1629 1517 1674; x_wconf 86' lang='lat' dir='ltr'>manus</span> 
     </span>
     <span class='ocr_line' id='line_1_12' title="bbox 350 1714 1516 1801; baseline -0.003 -21"><span class='ocrx_word' id='word_1_86' title='bbox 350 1715 384 1780; x_wconf 93' lang='lat' dir='ltr'>in</span> <span class='ocrx_word' id='word_1_87' title='bbox 410 1715 523 1799; x_wconf 85' lang='lat' dir='ltr'>sugam</span> <span class='ocrx_word' id='word_1_88' title='bbox 553 1717 697 1796; x_wconf 90' lang='lat' dir='ltr'>vertitur,</span> <span class='ocrx_word' id='word_1_89' title='bbox 727 1717 928 1801; x_wconf 86' lang='lat' dir='ltr'>Aidanoque</span> <span class='ocrx_word' id='word_1_90' title='bbox 968 1718 1106 1781; x_wconf 87' lang='lat' dir='ltr'>victoria</span> <span class='ocrx_word' id='word_1_91' title='bbox 1146 1716 1356 1780; x_wconf 90' lang='lat' dir='ltr'>conceditur:</span> <span class='ocrx_word' id='word_1_92' title='bbox 1393 1714 1451 1778; x_wconf 85' lang='lat' dir='ltr'>sed</span> <span class='ocrx_word' id='word_1_93' title='bbox 1482 1722 1516 1776; x_wconf 88' lang='lat' dir='ltr'>et</span> 
     </span>
     <span class='ocr_line' id='line_1_13' title="bbox 351 1815 1518 1887; baseline -0.003 -4"><span class='ocrx_word' id='word_1_94' title='bbox 351 1820 394 1884; x_wconf 91' lang='lat' dir='ltr'>de</span> <span class='ocrx_word' id='word_1_95' title='bbox 416 1840 554 1884; x_wconf 90' lang='lat' dir='ltr'>numero</span> <span class='ocrx_word' id='word_1_96' title='bbox 575 1822 741 1887; x_wconf 89' lang='lat' dir='ltr'>exercitus</span> <span class='ocrx_word' id='word_1_97' title='bbox 763 1831 985 1887; x_wconf 88' lang='lat' dir='ltr'>trecentorum</span> <span class='ocrx_word' id='word_1_98' title='bbox 1019 1830 1054 1885; x_wconf 90' lang='lat' dir='ltr'>et</span> <span class='ocrx_word' id='word_1_99' title='bbox 1075 1820 1175 1884; x_wconf 92' lang='lat' dir='ltr'>trium</span> <span class='ocrx_word' id='word_1_100' title='bbox 1198 1818 1341 1883; x_wconf 91' lang='lat' dir='ltr'>virorum</span> <span class='ocrx_word' id='word_1_101' title='bbox 1366 1815 1518 1881; x_wconf 87' lang='lat' dir='ltr'>intersec-</span> 
     </span>
     <span class='ocr_line' id='line_1_14' title="bbox 349 1924 974 2009; baseline -0.002 -20"><span class='ocrx_word' id='word_1_102' title='bbox 349 1931 459 1989; x_wconf 90' lang='lat' dir='ltr'>torum</span> <span class='ocrx_word' id='word_1_103' title='bbox 474 1924 657 2009; x_wconf 84' lang='lat' dir='ltr'>prophetiae</span> <span class='ocrx_word' id='word_1_104' title='bbox 672 1925 787 2009; x_wconf 90' lang='lat' dir='ltr'>spiritu</span> <span class='ocrx_word' id='word_1_105' title='bbox 804 1925 974 1990; x_wconf 87' lang='lat' dir='ltr'>narravit⁹</span> 
     </span>
    </p>
   </div>
   <div class='ocr_carea' id='block_1_3' title="bbox 730 2276 1142 2343">
    <p class='ocr_par' dir='ltr' id='par_1_3' title="bbox 730 2276 1142 2343">
     <span class='ocr_line' id='line_1_15' title="bbox 730 2276 1142 2343; baseline -0.002 -1"><span class='ocrx_word' id='word_1_106' title='bbox 730 2276 933 2343; x_wconf 88' lang='lat' dir='ltr'><strong>CAPUT</strong></span> <span class='ocrx_word' id='word_1_107' title='bbox 971 2276 1142 2342; x_wconf 89' lang='lat' dir='ltr'><strong>XXVI.</strong></span> 
     </span>
    </p>
   </div>
   <div class='ocr_carea' id='block_1_4' title="bbox 582 2462 1281 2549">
    <p class='ocr_par' dir='ltr' id='par_1_4' title="bbox 582 2462 1281 2549">
     <span class='ocr_line' id='line_1_16' title="bbox 582 2462 1281 2549; baseline 0 -22"><span class='ocrx_word' id='word_1_108' title='bbox 582 2462 786 2528; x_wconf 82' lang='lat' dir='ltr'>Miraculum</span> <span class='ocrx_word' id='word_1_109' title='bbox 800 2475 864 2548; x_wconf 83' lang='lat' dir='ltr'>per</span> <span class='ocrx_word' id='word_1_110' title='bbox 882 2465 1024 2530; x_wconf 85' lang='lat' dir='ltr'>tunicam</span> <span class='ocrx_word' id='word_1_111' title='bbox 1044 2465 1115 2549; x_wconf 84' lang='lat' dir='ltr'>ejus</span> <span class='ocrx_word' id='word_1_112' title='bbox 1128 2464 1281 2545; x_wconf 86' lang='lat' dir='ltr'>sactum.¹</span> 
     </span>
    </p>
   </div>
   <div class='ocr_carea' id='block_1_5' title="bbox 354 2635 1519 2825">
    <p class='ocr_par' dir='ltr' id='par_1_5' title="bbox 354 2635 1519 2825">
     <span class='ocr_line' id='line_1_17' title="bbox 354 2635 1518 2722; baseline 0.003 -23"><span class='ocrx_word' id='word_1_113' title='bbox 354 2636 448 2701; x_wconf 81' lang='lat' dir='ltr'>POST</span> <span class='ocrx_word' id='word_1_114' title='bbox 464 2643 604 2699; x_wconf 91' lang='lat' dir='ltr'>mortem</span> <span class='ocrx_word' id='word_1_115' title='bbox 621 2635 680 2699; x_wconf 90' lang='lat' dir='ltr'>viri</span> <span class='ocrx_word' id='word_1_116' title='bbox 698 2636 762 2700; x_wconf 87' lang='lat' dir='ltr'>Dei</span> <span class='ocrx_word' id='word_1_117' title='bbox 777 2636 912 2719; x_wconf 85' lang='lat' dir='ltr'>grandis</span> <span class='ocrx_word' id='word_1_118' title='bbox 928 2636 1015 2701; x_wconf 86' lang='lat' dir='ltr'>facta</span> <span class='ocrx_word' id='word_1_119' title='bbox 1030 2646 1081 2703; x_wconf 88' lang='lat' dir='ltr'>est</span> <span class='ocrx_word' id='word_1_120' title='bbox 1096 2657 1197 2702; x_wconf 92' lang='lat' dir='ltr'>verno</span> <span class='ocrx_word' id='word_1_121' title='bbox 1212 2646 1363 2722; x_wconf 87' lang='lat' dir='ltr'>tempore</span> <span class='ocrx_word' id='word_1_122' title='bbox 1378 2636 1518 2702; x_wconf 88' lang='lat' dir='ltr'>siccitas.</span> 
     </span>
     <span class='ocr_line' id='line_1_18' title="bbox 354 2740 1519 2825; baseline 0.002 -22"><span class='ocrx_word' id='word_1_123' title='bbox 354 2741 486 2804; x_wconf 89' lang='lat' dir='ltr'>Fratres</span> <span class='ocrx_word' id='word_1_124' title='bbox 510 2748 621 2805; x_wconf 92' lang='lat' dir='ltr'>autem</span> <span class='ocrx_word' id='word_1_125' title='bbox 637 2740 867 2805; x_wconf 85' lang='lat' dir='ltr'>imminentem</span> <span class='ocrx_word' id='word_1_126' title='bbox 891 2740 1025 2825; x_wconf 85' lang='lat' dir='ltr'>plagam</span> <span class='ocrx_word' id='word_1_127' title='bbox 1048 2742 1325 2824; x_wconf 84' lang='lat' dir='ltr'>pertimescentes,</span> <span class='ocrx_word' id='word_1_128' title='bbox 1340 2741 1519 2806; x_wconf 84' lang='lat' dir='ltr'>candidam</span> 
     </span>
    </p>
   </div>
   <div class='ocr_carea' id='block_1_6' title="bbox 353 2843 1521 3345">
    <p class='ocr_par' dir='ltr' id='par_1_6' title="bbox 353 2843 1521 3345">
     <span class='ocr_line' id='line_1_19' title="bbox 353 2843 1520 2928; baseline 0 -20"><span class='ocrx_word' id='word_1_129' title='bbox 353 2843 500 2909; x_wconf 87' lang='lat' dir='ltr'>tunicam</span> <span class='ocrx_word' id='word_1_130' title='bbox 516 2844 605 2908; x_wconf 91' lang='lat' dir='ltr'>beati</span> <span class='ocrx_word' id='word_1_131' title='bbox 619 2844 689 2922; x_wconf 89' lang='lat' dir='ltr'>viri,</span> <span class='ocrx_word' id='word_1_132' title='bbox 704 2865 771 2928; x_wconf 90' lang='lat' dir='ltr'>qua</span> <span class='ocrx_word' id='word_1_133' title='bbox 792 2846 826 2908; x_wconf 96' lang='lat' dir='ltr'>in</span> <span class='ocrx_word' id='word_1_134' title='bbox 848 2844 929 2909; x_wconf 91' lang='lat' dir='ltr'>hora</span> <span class='ocrx_word' id='word_1_135' title='bbox 950 2846 1061 2910; x_wconf 87' lang='lat' dir='ltr'>exitus</span> <span class='ocrx_word' id='word_1_136' title='bbox 1083 2846 1132 2911; x_wconf 93' lang='lat' dir='ltr'>sui</span> <span class='ocrx_word' id='word_1_137' title='bbox 1149 2846 1285 2911; x_wconf 89' lang='lat' dir='ltr'>indutus</span> <span class='ocrx_word' id='word_1_138' title='bbox 1300 2855 1379 2923; x_wconf 88' lang='lat' dir='ltr'>erat,</span> <span class='ocrx_word' id='word_1_139' title='bbox 1395 2845 1428 2907; x_wconf 91' lang='lat' dir='ltr'>in</span> <span class='ocrx_word' id='word_1_140' title='bbox 1444 2865 1520 2910; x_wconf 86' lang='lat' dir='ltr'>aere</span> 
     </span>
     <span class='ocr_line' id='line_1_20' title="bbox 353 2940 1520 3034; baseline 0.001 -22"><span class='ocrx_word' id='word_1_141' title='bbox 353 2947 554 3026; x_wconf 87' lang='lat' dir='ltr'>levaverunt,</span> <span class='ocrx_word' id='word_1_142' title='bbox 569 2958 684 3031; x_wconf 88' lang='lat' dir='ltr'>terque</span> <span class='ocrx_word' id='word_1_143' title='bbox 697 2940 924 3029; x_wconf 82' lang='lat' dir='ltr'>excusserunt,</span> <span class='ocrx_word' id='word_1_144' title='bbox 937 2960 971 3015; x_wconf 89' lang='lat' dir='ltr'>et</span> <span class='ocrx_word' id='word_1_145' title='bbox 986 2949 1086 3014; x_wconf 88' lang='lat' dir='ltr'>libros</span> <span class='ocrx_word' id='word_1_146' title='bbox 1102 2970 1202 3015; x_wconf 86' lang='lat' dir='ltr'>manu</span> <span class='ocrx_word' id='word_1_147' title='bbox 1219 2950 1321 3034; x_wconf 87' lang='lat' dir='ltr'>ipsius</span> <span class='ocrx_word' id='word_1_148' title='bbox 1336 2949 1520 3033; x_wconf 89' lang='lat' dir='ltr'>descriptos</span> 
     </span>
     <span class='ocr_line' id='line_1_21' title="bbox 354 3052 1521 3137; baseline 0.001 -21"><span class='ocrx_word' id='word_1_149' title='bbox 354 3052 511 3136; x_wconf 87' lang='lat' dir='ltr'>legerunt.</span> <span class='ocrx_word' id='word_1_150' title='bbox 558 3052 644 3136; x_wconf 83' lang='lat' dir='ltr'>Quae</span> <span class='ocrx_word' id='word_1_151' title='bbox 666 3055 779 3117; x_wconf 92' lang='lat' dir='ltr'>omnia</span> <span class='ocrx_word' id='word_1_152' title='bbox 803 3055 863 3117; x_wconf 91' lang='lat' dir='ltr'>rite</span> <span class='ocrx_word' id='word_1_153' title='bbox 885 3063 1027 3137; x_wconf 83' lang='lat' dir='ltr'>peracta,</span> <span class='ocrx_word' id='word_1_154' title='bbox 1050 3055 1169 3118; x_wconf 90' lang='lat' dir='ltr'>mirum</span> <span class='ocrx_word' id='word_1_155' title='bbox 1192 3053 1303 3118; x_wconf 89' lang='lat' dir='ltr'>dictu!</span> <span class='ocrx_word' id='word_1_156' title='bbox 1326 3053 1444 3117; x_wconf 89' lang='lat' dir='ltr'>eadem</span> <span class='ocrx_word' id='word_1_157' title='bbox 1465 3052 1521 3117; x_wconf 90' lang='lat' dir='ltr'>die</span> 
     </span>
     <span class='ocr_line' id='line_1_22' title="bbox 355 3157 1520 3242; baseline 0.003 -24"><span class='ocrx_word' id='word_1_158' title='bbox 355 3157 467 3239; x_wconf 90' lang='lat' dir='ltr'>pluvia</span> <span class='ocrx_word' id='word_1_159' title='bbox 493 3157 672 3221; x_wconf 87' lang='lat' dir='ltr'>vehemens</span> <span class='ocrx_word' id='word_1_160' title='bbox 702 3157 790 3222; x_wconf 88' lang='lat' dir='ltr'>facta</span> <span class='ocrx_word' id='word_1_161' title='bbox 825 3159 991 3223; x_wconf 91' lang='lat' dir='ltr'>sitientem</span> <span class='ocrx_word' id='word_1_162' title='bbox 1022 3169 1142 3223; x_wconf 86' lang='lat' dir='ltr'>terram</span> <span class='ocrx_word' id='word_1_163' title='bbox 1174 3159 1330 3242; x_wconf 87' lang='lat' dir='ltr'>irrigavit,</span> <span class='ocrx_word' id='word_1_164' title='bbox 1360 3158 1520 3240; x_wconf 84' lang='lat' dir='ltr'>laetasque</span> 
     </span>
     <span class='ocr_line' id='line_1_23' title="bbox 354 3261 881 3345; baseline 0.006 -22"><span class='ocrx_word' id='word_1_165' title='bbox 354 3270 484 3343; x_wconf 86' lang='lat' dir='ltr'>segetes</span> <span class='ocrx_word' id='word_1_166' title='bbox 498 3262 617 3326; x_wconf 89' lang='lat' dir='ltr'>eodem</span> <span class='ocrx_word' id='word_1_167' title='bbox 634 3282 722 3325; x_wconf 91' lang='lat' dir='ltr'>anno</span> <span class='ocrx_word' id='word_1_168' title='bbox 737 3261 881 3345; x_wconf 84' lang='lat' dir='ltr'>protulit</span> 
     </span>
    </p>
   </div>
   <div class='ocr_carea' id='block_1_7' title="bbox 715 3619 1160 3685">
    <p class='ocr_par' dir='ltr' id='par_1_7' title="bbox 715 3619 1160 3685">
     <span class='ocr_line' id='line_1_24' title="bbox 715 3619 1160 3685; baseline -0.002 0"><span class='ocrx_word' id='word_1_169' title='bbox 715 3619 918 3685; x_wconf 89' lang='lat' dir='ltr'><strong>CAPUT</strong></span> <span class='ocrx_word' id='word_1_170' title='bbox 956 3619 1160 3684; x_wconf 88' lang='lat' dir='ltr'><strong>XXVII.</strong></span> 
     </span>
    </p>
   </div>
   <div class='ocr_carea' id='block_1_8' title="bbox 764 3770 1106 3836">
    <p class='ocr_par' dir='ltr' id='par_1_8' title="bbox 764 3770 1106 3836">
     <span class='ocr_line' id='line_1_25' title="bbox 764 3770 1106 3836; baseline 0.006 -2"><span class='ocrx_word' id='word_1_171' title='bbox 764 3770 912 3835; x_wconf 81' lang='lat' dir='ltr'>Puemm</span> <span class='ocrx_word' id='word_1_172' title='bbox 934 3771 1106 3836; x_wconf 72' lang='lat' dir='ltr'>benedicit.²</span> 
     </span>
    </p>
   </div>
   <div class='ocr_carea' id='block_1_9' title="bbox 355 3924 1522 4116">
    <p class='ocr_par' dir='ltr' id='par_1_9' title="bbox 355 3924 1522 4116">
     <span class='ocr_line' id='line_1_26' title="bbox 356 3924 1522 4009; baseline 0.003 -18"><span class='ocrx_word' id='word_1_173' title='bbox 356 3924 524 4009; x_wconf 73' lang='lat' dir='ltr'><strong>QUADAM</strong></span> <span class='ocrx_word' id='word_1_174' title='bbox 540 3925 641 3990; x_wconf 89' lang='lat' dir='ltr'>etiam</span> <span class='ocrx_word' id='word_1_175' title='bbox 664 3925 746 3990; x_wconf 88' lang='lat' dir='ltr'>hora</span> <span class='ocrx_word' id='word_1_176' title='bbox 768 3947 843 3990; x_wconf 90' lang='lat' dir='ltr'>cum</span> <span class='ocrx_word' id='word_1_177' title='bbox 869 3926 1012 3991; x_wconf 88' lang='lat' dir='ltr'>Sanctus</span> <span class='ocrx_word' id='word_1_178' title='bbox 1034 3927 1170 3993; x_wconf 82' lang='lat' dir='ltr'>fratrum</span> <span class='ocrx_word' id='word_1_179' title='bbox 1195 3929 1423 3995; x_wconf 89' lang='lat' dir='ltr'>molestaretur</span> <span class='ocrx_word' id='word_1_180' title='bbox 1443 3950 1522 3995; x_wconf 90' lang='lat' dir='ltr'>con·</span> 
     </span>
     <span class='ocr_line' id='line_1_27' title="bbox 355 4029 1520 4116; baseline 0.004 -23"><span class='ocrx_word' id='word_1_181' title='bbox 355 4030 542 4113; x_wconf 90' lang='lat' dir='ltr'>stipatione,</span> <span class='ocrx_word' id='word_1_182' title='bbox 558 4029 693 4112; x_wconf 91' lang='lat' dir='ltr'>quidam</span> <span class='ocrx_word' id='word_1_183' title='bbox 711 4031 807 4094; x_wconf 87' lang='lat' dir='ltr'>valde</span> <span class='ocrx_word' id='word_1_184' title='bbox 829 4032 1005 4114; x_wconf 87' lang='lat' dir='ltr'>despectus</span> <span class='ocrx_word' id='word_1_185' title='bbox 1020 4033 1112 4096; x_wconf 91' lang='lat' dir='ltr'>vultu</span> <span class='ocrx_word' id='word_1_186' title='bbox 1136 4042 1170 4096; x_wconf 93' lang='lat' dir='ltr'>et</span> <span class='ocrx_word' id='word_1_187' title='bbox 1192 4034 1307 4098; x_wconf 91' lang='lat' dir='ltr'>habitu</span> <span class='ocrx_word' id='word_1_188' title='bbox 1331 4054 1412 4116; x_wconf 92' lang='lat' dir='ltr'>puer</span> <span class='ocrx_word' id='word_1_189' title='bbox 1434 4032 1520 4098; x_wconf 90' lang='lat' dir='ltr'>clam</span> 
     </span>
    </p>
   </div>
   <div class='ocr_carea' id='block_1_10' title="bbox 387 4231 1178 4629">
    <p class='ocr_par' dir='ltr' id='par_1_10' title="bbox 388 4231 608 4293">
     <span class='ocr_line' id='line_1_28' title="bbox 388 4231 608 4293; baseline -0.009 -9"><span class='ocrx_word' id='word_1_190' title='bbox 388 4231 522 4284; x_wconf 74' lang='lat' dir='ltr'>rAdamn.</span> <span class='ocrx_word' id='word_1_191' title='bbox 538 4232 571 4293; x_wconf 78' lang='lat'>1..</span> <span class='ocrx_word' id='word_1_192' title='bbox 587 4245 608 4282; x_wconf 88' lang='lat' dir='ltr'>r.</span> 
     </span>
    </p>

    <p class='ocr_par' dir='ltr' id='par_1_11' title="bbox 387 4313 1178 4457">
     <span class='ocr_line' id='line_1_29' title="bbox 387 4313 1178 4382; baseline 0.006 -17"><span class='ocrx_word' id='word_1_193' title='bbox 387 4313 506 4365; x_wconf 80' lang='lat' dir='ltr'>8Aidani</span> <span class='ocrx_word' id='word_1_194' title='bbox 518 4315 649 4366; x_wconf 85' lang='lat' dir='ltr'>Scotorum</span> <span class='ocrx_word' id='word_1_195' title='bbox 663 4315 739 4382; x_wconf 80' lang='lat' dir='ltr'>Regis</span> <span class='ocrx_word' id='word_1_196' title='bbox 751 4315 863 4367; x_wconf 84' lang='lat' dir='ltr'>meminit</span> <span class='ocrx_word' id='word_1_197' title='bbox 876 4317 953 4380; x_wconf 72' lang='lat' dir='ltr'>Beda,</span> <span class='ocrx_word' id='word_1_198' title='bbox 969 4318 1000 4370; x_wconf 83' lang='grc' dir='ltr'>Α.</span> <span class='ocrx_word' id='word_1_199' title='bbox 1015 4317 1072 4382; x_wconf 80' lang='lat'><strong>603.</strong></span> <span class='ocrx_word' id='word_1_200' title='bbox 1108 4318 1178 4370; x_wconf 79' lang='lat' dir='ltr'>Mab.</span> 
     </span>
     <span class='ocr_line' id='line_1_30' title="bbox 387 4396 608 4457; baseline -0.005 -9"><span class='ocrx_word' id='word_1_201' title='bbox 387 4411 400 4448; x_wconf 82' lang='grc'>9</span> <span class='ocrx_word' id='word_1_202' title='bbox 412 4396 521 4446; x_wconf 81' lang='lat' dir='ltr'>Adamn.</span> <span class='ocrx_word' id='word_1_203' title='bbox 537 4397 570 4457; x_wconf 84' lang='lat'>1..</span> <span class='ocrx_word' id='word_1_204' title='bbox 584 4396 608 4447; x_wconf 81' lang='lat'>⁶.</span> 
     </span>
    </p>

    <p class='ocr_par' dir='ltr' id='par_1_12' title="bbox 388 4477 606 4540">
     <span class='ocr_line' id='line_1_31' title="bbox 388 4477 606 4540; baseline 0.018 -14"><span class='ocrx_word' id='word_1_205' title='bbox 388 4491 398 4518; x_wconf 86' lang='lat'>¹</span> <span class='ocrx_word' id='word_1_206' title='bbox 413 4477 489 4538; x_wconf 90' lang='lat' dir='ltr'>Ibid.,</span> <span class='ocrx_word' id='word_1_207' title='bbox 505 4477 552 4540; x_wconf 72' lang='lat'>11„</span> <span class='ocrx_word' id='word_1_208' title='bbox 565 4492 606 4540; x_wconf 82' lang='lat'>44.</span> 
     </span>
    </p>

    <p class='ocr_par' dir='ltr' id='par_1_13' title="bbox 388 4558 575 4629">
     <span class='ocr_line' id='line_1_32' title="bbox 388 4558 575 4629; baseline -0.021 -17"><span class='ocrx_word' id='word_1_209' title='bbox 388 4559 490 4621; x_wconf 65' lang='lat' dir='ltr'>aluid..</span> <span class='ocrx_word' id='word_1_210' title='bbox 505 4558 538 4621; x_wconf 91' lang='lat'>1.,</span> <span class='ocrx_word' id='word_1_211' title='bbox 552 4571 575 4629; x_wconf 81' lang='lat'>3.</span> 
     </span>
    </p>
   </div>
   <div class='ocr_carea' id='block_1_11' title="bbox 0 0 1623 5520">
    <p class='ocr_par' dir='ltr' id='par_1_14' title="bbox 0 0 1623 5520">
     <span class='ocr_line' id='line_1_33' title="bbox 0 0 1623 5520; baseline 0 0"><span class='ocrx_word' id='word_1_212' title='bbox 0 0 1623 5520; x_wconf 95' lang='lat' dir='ltr'> </span> 
     </span>
    </p>
   </div>
  </div>
 </body>
</html>
