3226 5520
389 498 448 548 112
692 481 838 549 VITA
877 479 1182 546 ll.—LIBER
1220 479 1248 546 1.

386 714 431 757 ex
453 712 545 758 more
565 691 753 771 celebraret,
768 693 904 776 quidam
929 690 1044 777 Magi,⁶
1057 693 1098 758 ad
1121 711 1178 756 eos
1196 690 1332 776 propius
1347 690 1569 771 accedentes,

386 800 419 862 in
435 808 597 881 quantum
613 807 776 881 poterant,
794 797 967 880 prohibere
989 797 1204 874 conabantur,
1219 817 1261 861 ne
1275 795 1318 861 de
1332 816 1390 860 ore
1404 796 1568 880 ipsorum

386 903 507 967 divinae
534 903 640 967 laudis
666 923 767 966 sonus
793 903 878 966 inter
905 900 1054 966 Gentiles
1081 902 1250 967 audiretur
1275 900 1425 985 populos
1478 900 1569 986 Quo

386 1016 558 1090 comperto
574 1006 716 1072 Sanctus
728 1006 1020 1090 quadragesimum
1036 1016 1069 1070 et
1081 1015 1237 1089 quartum
1252 1005 1418 1089 psalmum
1433 1005 1568 1070 decan-

387 1120 458 1175 tare
485 1112 595 1194 coepit,
618 1112 804 1194 mirumque
820 1112 852 1174 in
876 1111 1013 1174 modum
1037 1111 1084 1174 ita
1105 1131 1174 1174 vox
1196 1109 1268 1194 ejus
1287 1109 1321 1174 in
1343 1129 1409 1173 aere
1435 1111 1569 1174 eodem

388 1224 559 1279 momento
584 1215 687 1279 instar
701 1215 840 1298 alicujus
863 1212 1080 1278 formidabilis
1096 1215 1232 1279 tonitrui
1249 1213 1379 1279 elevata
1393 1222 1456 1293 est,
1471 1222 1513 1278 ut
1529 1222 1571 1278 et

387 1339 447 1383 rex
464 1328 497 1383 et
512 1319 655 1403 populus
671 1318 869 1384 intolerabili
885 1327 997 1384 essent
1011 1339 1134 1402 pavore
1148 1319 1319 1403 perterriti

718 1853 922 1920 CAPUT
960 1854 1228 1920 XXXVIII.

504 2082 557 2147 De
571 2083 709 2166 quodam
724 2082 827 2148 divite
841 2082 901 2166 qui
913 2082 1088 2167 Lugudius
1105 2083 1223 2150 Clodus
1237 2083 1443 2151 vocitabatur.

386 2325 484 2390 ALIO
496 2325 529 2389 in
542 2335 781 2409 tempore,cum
794 2327 827 2390 in
843 2326 958 2392 Scotia
968 2348 1027 2410 per
1037 2327 1163 2410 aliquot
1176 2326 1319 2394 Sanctus
1330 2326 1566 2394 demoraretur

386 2430 466 2507 dies,
480 2429 583 2493 alium
608 2431 715 2493 currui
743 2431 943 2494 insidentem
965 2430 1083 2494 videns
1109 2431 1272 2509 clericum,
1293 2432 1350 2515 qui
1372 2432 1565 2514 gaudenter

385 2535 583 2616 peragrabat
595 2533 762 2616 Campum
778 2535 884 2618 Breg¹
898 2556 905 2613 ;
921 2535 1029 2619 primo
1044 2536 1251 2620 interrogans
1262 2538 1305 2601 de
1316 2556 1357 2601 eo
1370 2537 1446 2620 quis
1461 2546 1564 2615 esset,

385 2638 448 2702 hoc
464 2639 507 2702 ab
529 2638 644 2701 amicis
672 2638 821 2722 ejusdem
844 2640 904 2703 viri
920 2641 962 2703 de
977 2660 1018 2703 eo
1040 2640 1160 2722 accipit
1175 2658 1392 2722 responsum:
1416 2639 1485 2704 Hic
1506 2650 1564 2706 est

387 2742 560 2825 Lugudius
576 2742 711 2820 CloduS,
727 2743 829 2806 homo
852 2744 944 2807 dives
960 2752 994 2807 et
1009 2742 1190 2805 honoratus
1212 2743 1244 2806 in
1261 2743 1366 2826 plebe
1412 2742 1563 2810 Sanctus

386 2856 626 2929 consequenter
641 2848 845 2930 respondens
861 2848 989 2931 inquit:
1014 2847 1090 2911 Non
1108 2848 1154 2911 ita
1170 2847 1267 2911 video
1279 2868 1288 2926 ;
1302 2848 1361 2912 sed
1376 2848 1561 2915 homuncio

386 2951 485 3015 miser
500 2961 533 3016 et
557 2972 692 3034 pauper,
708 2952 742 3015 in
765 2953 820 3015 die
842 2972 909 3034 qua
936 2952 1102 3029 morietur,
1124 2952 1187 3016 tria
1209 2953 1299 3034 apud
1322 2972 1358 3016 se
1372 2953 1561 3019 vicinorum

386 3056 605 3137 praetersoria²
628 3057 660 3118 in
683 3076 750 3119 una
773 3056 952 3120 retentabit
976 3055 1139 3133 maceria,³
1161 3076 1328 3139 unamque
1350 3056 1492 3121 electam
1515 3058 1562 3123 de

385 3162 493 3224 vaccis
512 3161 793 3244 praetersoriorum
816 3160 922 3223 occidi
942 3160 1073 3243 jubebit
1096 3161 1167 3236 sibi,
1182 3160 1224 3223 de
1240 3160 1333 3244 cujus
1348 3169 1443 3224 cocta
1458 3181 1561 3225 carne

386 3265 568 3348 postulabit
592 3265 738 3347 aliquam
762 3264 824 3326 sibi
850 3274 978 3346 partem
1002 3264 1081 3340 dari,
1097 3285 1171 3327 cum
1195 3265 1364 3329 meretrice
1381 3265 1413 3328 in
1436 3266 1559 3330 eodem

386 3369 508 3433 lectulo
534 3369 678 3432 cubanti.
736 3368 790 3431 De
806 3388 872 3450 qua
894 3367 1009 3450 utique
1031 3368 1193 3450 particula
1215 3389 1361 3432 morsum
1382 3369 1562 3453 accipiens,

386 3472 500 3536 statim
517 3472 640 3536 ibidem
664 3469 925 3555 strangulabitur
939 3479 973 3534 et
995 3471 1158 3536 morietur.
1214 3471 1301 3556 Quae
1324 3471 1444 3551 omnia,
1460 3472 1561 3539 sicuti

385 3576 429 3640 ab
446 3577 593 3658 expertis
608 3576 758 3655 traditur,
770 3576 871 3659 juxta
894 3574 1009 3642 Sancti
1025 3576 1234 3660 prophetiam
1249 3578 1432 3662 adlmpleta
1446 3587 1536 3644 sunt.

416 3922 429 3962 ⁶
444 3921 547 3973 Druids.

419 4036 429 4064 ¹
443 4024 499 4074 The
510 4021 579 4087 plain
592 4020 621 4070 ol
637 4020 698 4070 East
713 4019 810 4079 Meath,
824 4018 877 4068 said
890 4025 917 4069 to
933 4018 998 4068 have
1009 4019 1121 4069 received
1139 4019 1171 4069 its
1183 4035 1256 4070 name
1273 4020 1336 4070 hom
1354 4019 1461 4084 Bregbc,
1475 4037 1522 4072 son
1534 4023 1568 4074 of

388 4108 510 4170 Breogan,
524 4121 540 4153 a
553 4103 669 4152 hlilesian
681 4102 754 4152 chief.
789 4102 814 4152 Α
825 4102 870 4151 hill
883 4102 908 4151 in
921 4101 964 4151 the
981 4102 1119 4152 north-east
1130 4102 1160 4151 ol
1174 4103 1216 4152 the
1227 4112 1319 4167 county
1330 4103 1359 4153 ol
1374 4102 1461 4153 hleath
1474 4103 1562 4157 isnin

385 4189 466 4240 called
479 4187 561 4238 Slieve
575 4185 664 4251 Bregh.

416 4290 515 4353 ²Stray
532 4303 560 4336 or
581 4285 731 4352 trespassing
748 4286 830 4335 cattle.
876 4283 995 4350 Colgan's
1012 4292 1070 4335 note
1090 4301 1123 4334 on
1144 4286 1187 4335 the
1204 4301 1316 4351 passage,
1340 4286 1384 4336 Tr.
1404 4285 1451 4336 Tb.
1469 4303 1496 4352 p.
1511 4300 1563 4352 379

382 4372 404 4422 b.
419 4387 444 4420 n.
459 4370 498 4434 83,
519 4370 554 4420 is:
576 4369 652 4418 “Per
672 4367 852 4432 praetersorium
873 4367 971 4418 videtur
991 4367 1131 4433 intelligere
1150 4384 1195 4433 par
1215 4368 1300 4430 boum,
1324 4369 1363 4419 vel
1384 4384 1495 4434 gregem,
1516 4372 1562 4424 de-

382 4462 525 4520 pascentem
536 4460 645 4517 segetem
659 4447 794 4499 alienam.'¹

416 4567 428 4608 ³
441 4555 465 4604 A
476 4552 569 4615 cashel,
582 4568 610 4602 or
623 4551 713 4603 walled
724 4550 860 4602 enclosure.
