3226 5520
255 465 316 547 156
539 460 685 526 VITA
725 455 1033 524 ll.-LlBER
1071 452 1127 522 11.

253 667 346 736 Talis
360 687 438 734 vero
452 666 545 752 lapis,
567 675 693 751 postea,
707 666 741 732 in
757 664 918 732 thesauris
933 663 1019 747 regis
1034 661 1233 744 reconditus,
1245 659 1377 730 multas
1393 659 1433 727 in

253 773 378 858 populo
390 772 624 857 aegritudinum
637 771 804 851 sanitates,
813 769 964 835 similiter
975 769 1009 834 in
1021 788 1110 852 aqua
1120 776 1241 833 natans
1251 766 1433 847 intinctus,

254 878 403 943 Domino
440 877 626 955 miserante,
655 875 773 941 effecit
841 875 964 939 Mirum
994 873 1094 952 dictu,
1122 871 1168 939 ab
1194 871 1248 937 hia
1276 871 1433 956 aegrotis,

252 1001 393 1066 quorum
410 982 488 1046 vitae
503 983 664 1047 terminus
679 988 920 1065 supervenerat,
933 977 1108 1061 requisitus
1122 976 1212 1042 idem
1227 975 1317 1061 lapis
1332 975 1432 1041 nullo

253 1085 355 1150 modo
372 1085 505 1169 reperiri
522 1093 659 1168 poterat.
705 1083 762 1151 Sic
777 1093 811 1149 et
826 1084 860 1147 in
875 1083 930 1148 die
945 1083 1056 1148 obitus
1071 1080 1207 1146 Brudei³
1228 1081 1319 1165 regis
1333 1100 1432 1164 quae-

254 1191 395 1268 rebatur,
411 1210 472 1255 nec
496 1199 608 1256 tamen
625 1189 658 1254 in
674 1189 792 1255 eodem
815 1186 898 1266 loco,
913 1186 969 1252 ubi
986 1185 1091 1254 luerat
1113 1185 1204 1271 prius
1221 1185 1432 1263 reconditus,

254 1295 491 1360 inveniebatur.

613 1596 816 1663 CAPUT
854 1594 1060 1662 XXXIV.

256 1773 308 1839 De
321 1771 421 1838 Beati
442 1771 474 1839 V
470 1771 518 1836 iri
529 1780 639 1838 cantra
653 1769 871 1837 Braiclaanum
893 1789 1028 1853 magum
1049 1767 1275 1854 refragatione,
1289 1778 1325 1834 et
1338 1769 1438 1835 venti

721 1872 952 1939 contrarietate.

256 2030 352 2096 Post
381 2050 481 2114 supra
510 2037 694 2096 memorata
723 2039 866 2115 peracta,
892 2027 1037 2113 quadam
1063 2027 1119 2093 die
1148 2026 1358 2094 Broichanus
1384 2028 1435 2095 ad

255 2144 407 2201 sanctum
434 2133 634 2220 proloquens
660 2135 776 2214 virum,
801 2133 895 2200 infit:
922 2133 1035 2198 Dicito
1061 2131 1151 2213 mihi,
1165 2132 1343 2213 Columba,
1358 2154 1436 2219 quo

255 2247 405 2323 tempore
431 2240 588 2324 proponis
612 2240 813 2324 enavigare?
869 2238 1032 2306 Sanctus:
1055 2237 1178 2318 Tertia,
1191 2237 1247 2318 ait,
1267 2238 1334 2317 die,
1349 2238 1436 2311 Deo

255 2342 388 2409 volente
417 2353 452 2409 et
480 2344 550 2409 vita
578 2344 709 2423 comite,
739 2343 987 2428 navigationem
1024 2343 1241 2428 proponimus
1269 2342 1434 2428 incipere.

256 2447 462 2513 Broichanns
477 2456 648 2514 econtra:
672 2448 749 2513 Non
774 2449 907 2534 poteris,
921 2447 992 2529 ait;
1014 2467 1092 2513 nam
1116 2465 1181 2532 ego
1196 2453 1338 2513 ventum
1364 2448 1435 2516 tibi

256 2553 457 2619 contrarium
480 2550 596 2632 iacere,
610 2551 853 2637 caliginemque
867 2551 1060 2618 umbrosam
1077 2549 1334 2635 superinducere
1348 2572 1436 2637 pos-

256 2675 339 2721 sum.
386 2654 549 2722 Sanctus:
572 2655 828 2741 Omnipotentia
848 2654 922 2734 Dei,
937 2654 993 2735 ait,
1007 2654 1158 2719 omniurn
1174 2651 1378 2735 dominatur,
1395 2656 1434 2724 in

256 2758 351 2843 cujus
367 2760 502 2826 nomine
524 2759 627 2826 nostri
642 2779 759 2825 omnes
777 2768 899 2839 motus,
910 2759 989 2844 ipso,
998 2759 1213 2843 gubernante,
1227 2758 1435 2842 diriguntur.

256 2862 348 2949 Quid
374 2863 496 2949 plura?
551 2863 694 2931 Sanctus
715 2864 770 2929 die
796 2864 923 2943 eadem,
946 2863 1032 2930 sicut
1053 2864 1153 2930 corde
1178 2865 1363 2948 proposuit,
1384 2868 1435 2933 ad

257 2967 366 3034 lacum
384 2969 485 3034 Nesae
500 2967 645 3033 fluminis
660 2967 805 3052 longum,
818 2968 924 3034 multa
939 2977 1159 3053 prosequente
1173 2976 1314 3048 caterva,
1325 2971 1435 3039 venit.

258 3073 352 3157 Magi
367 3094 446 3138 vero
467 3074 612 3157 gaudere
627 3082 698 3138 tum
714 3094 853 3157 coepere,
869 3093 1025 3157 magnam
1041 3073 1192 3138 videntes
1210 3075 1435 3156 superinduc-

257 3186 326 3243 tam
354 3178 538 3261 caliginem,
561 3187 595 3243 et
617 3179 816 3243 contrarium
844 3199 919 3242 cum
946 3187 1145 3261 tempestate
1170 3177 1295 3243 flatum.
1354 3180 1435 3247 Nec

259 3283 377 3346 mirum
394 3282 466 3346 haec
491 3284 656 3347 interdum
684 3291 754 3347 arte
776 3283 967 3347 daemonum
993 3303 1090 3365 posse
1106 3281 1184 3360 fieri,
1200 3282 1274 3345 Deo
1288 3286 1435 3366 permit·

258 3397 357 3464 tonte,
369 3397 405 3451 ut
416 3388 516 3451 etiam
528 3388 618 3451 venti
631 3396 664 3451 et
674 3407 808 3470 aequora
820 3389 852 3450 in
866 3386 1013 3470 asperius
1025 3388 1238 3451 concitentur.
1270 3386 1328 3452 Sic
1338 3390 1434 3454 enim

258 3489 438 3572 aliquando
468 3491 709 3554 daemoniorum
736 3492 881 3573 legiones
905 3500 1022 3554 sancto
1042 3490 1210 3554 Germano
1233 3489 1428 3575 episcop0,¹

258 3596 300 3658 de
325 3593 407 3659 Sinu
437 3592 573 3672 Gallico,
596 3616 695 3658 causa
719 3596 874 3658 humanae
901 3594 1023 3670 salutis,
1047 3595 1088 3657 ad
1107 3593 1311 3658 Britanniam
1337 3598 1435 3661 navi-

259 3699 362 3782 ganti,
391 3699 501 3762 medio
528 3700 561 3761 in
587 3720 719 3782 aequore
745 3708 961 3774 occurrerant,
988 3707 1022 3761 et
1048 3705 1255 3779 opponentes
1280 3700 1437 3780 pericula

260 3802 420 3886 procellas
450 3803 671 3881 concitabant,
701 3803 822 3866 coelum
857 3803 1011 3885 diemque
1046 3800 1253 3866 tenebrarum
1284 3802 1436 3886 caligine

260 3906 479 3971 obducebant.
519 3906 605 3989 Quae
621 3917 733 3970 tamen
749 3906 870 3982 omnia,
886 3889 1003 3969 sancto
1017 3917 1132 3969 orante
1148 3905 1325 3983 Germano,
1337 3908 1436 3974 dicto

259 4012 366 4088 citius
376 4012 491 4075 sedata
501 4012 631 4074 detersa
641 4010 966 4092 cessaruntcaligine.
999 4011 1122 4073 Noster
1132 4011 1242 4093 itaque
1253 4009 1436 4097 Columba,

291 4243 303 4280 3
318 4228 342 4278 It
353 4229 471 4278 occurred
483 4240 540 4278 nn.
556 4227 610 4292 583.

291 4325 302 4352 ¹
317 4311 360 4361 He
372 4327 422 4361 was
434 4311 528 4376 Bishop
539 4311 568 4361 ol
576 4311 786 4372 Autissiodorum,
800 4327 858 4361 now
869 4312 989 4371 Auxerre,
1003 4311 1053 4361 and
1068 4311 1158 4362 visited
1171 4309 1267 4361 Britain
1278 4310 1304 4361 in
1316 4324 1369 4377 429
1379 4316 1437 4368 and

256 4392 314 4456 448.
350 4393 391 4444 On
405 4393 447 4444 the
459 4394 511 4444 first
523 4394 638 4444 occasion
650 4394 682 4444 he
693 4410 743 4444 was
754 4394 932 4459 accompanied
944 4395 978 4459 by
989 4394 1083 4459 Lupus,
1097 4394 1187 4460 bishop
1198 4394 1228 4445 ol
1236 4394 1365 4457 Tricassii,
1379 4400 1436 4450 and

257 4491 290 4525 on
302 4475 344 4525 the
355 4477 447 4526 second
465 4477 498 4540 by
510 4477 623 4537 Severus,
638 4476 727 4542 bishop
738 4477 766 4527 ol
781 4476 886 4526 Treviri.
924 4477 973 4526 His
990 4477 1074 4542 object
1085 4491 1118 4527 on
1135 4475 1196 4527 each
1208 4475 1324 4526 occasion
1337 4493 1391 4530 was
1403 4488 1434 4531 to

256 4558 355 4609 combat
367 4559 409 4610 tbe
420 4559 509 4626 spread
520 4560 550 4611 of
558 4559 732 4625 Pelagianism.
768 4560 824 4611 The
835 4567 935 4626 present
945 4558 1052 4612 allusion
1066 4559 1088 4611 is
1099 4566 1126 4611 to
1137 4559 1180 4611 tbe
1190 4558 1279 4612 earlier
1289 4558 1358 4613 visit.
