3226 5520
615 477 927 548 coeuusAE.
1170 432 1174 439 ⁴
1293 490 1350 560 ιη

272 686 360 772 quod
385 707 477 767 nunc,
502 687 645 753 Domino
666 687 807 772 propino
832 686 1005 754 describere
1031 686 1212 772 incipimus,
1236 685 1356 754 nostris

273 791 467 875 temporibus
471 791 603 873 sactum
610 791 756 875 proprius
770 791 966 875 impeeimus
980 791 1085 858 onclr's.

190 962 301 1028 ANTE
324 983 430 1029 annos
453 983 597 1047 namque
620 963 722 1028 terme
745 963 1006 1048 quatuordecim,
1022 962 1055 1027 in
1078 962 1130 1027 his
1148 962 1356 1047 torpentibus

187 1069 290 1146 terris,
306 1068 403 1133 valde
419 1069 562 1151 grandis,
577 1089 679 1132 verno
701 1077 860 1152 tempore,
877 1067 964 1133 iacta
988 1077 1038 1132 est
1061 1068 1199 1147 siccitas,
1211 1068 1301 1153 jugis
1322 1077 1358 1132 et

187 1173 286 1252 dura;
299 1174 332 1236 in
345 1183 485 1251 tantum,
496 1181 534 1237 ut
543 1173 600 1237 illa
612 1173 750 1237 Domini
760 1173 793 1236 in
805 1171 956 1238 Levitico
968 1172 1051 1237 libro
1060 1172 1357 1256 transgressoribus

187 1287 343 1361 coaptata
368 1278 500 1361 populis
526 1278 742 1342 comminatio
768 1278 934 1342 videretur
960 1277 1141 1356 imminere,
1162 1297 1229 1361 qua
1255 1277 1357 1343 dicit:

189 1381 288 1446 Dabo
310 1382 431 1446 coelurn
455 1382 549 1446 vobis
569 1383 710 1465 desuper
732 1382 816 1447 sicut
843 1382 984 1462 lerrum;
1018 1392 1051 1448 et
1074 1391 1195 1447 terram
1219 1402 1355 1448 aeneam.

189 1485 410 1551 Consumetur
425 1487 590 1549 incassum
612 1485 705 1550 labor
719 1494 827 1551 vester
841 1508 849 1567 ;
876 1507 936 1551 nec
952 1485 1095 1570 proferet
1110 1497 1197 1551 terra
1211 1506 1357 1571 germen,

189 1609 249 1654 nec
279 1589 412 1654 arbores
441 1609 542 1672 poma
572 1589 791 1673 praebebunt3
814 1598 848 1654 et
872 1599 998 1655 caetera
1045 1592 1117 1655 Nos
1147 1591 1260 1674 itaque
1285 1591 1357 1655 haec

188 1691 344 1773 legentes,
374 1701 409 1756 et
438 1693 666 1756 imminentem
698 1692 833 1777 plagam
870 1694 1150 1776 pertimescentes,
1180 1694 1243 1758 hoc
1273 1694 1358 1758 inito

188 1797 326 1861 consilio
348 1794 416 1860 fieri
440 1796 603 1861 consiliati
627 1817 749 1875 sumus,
772 1807 809 1864 ut
835 1796 935 1881 aliqui
962 1818 1007 1862 ex
1031 1799 1151 1864 nostris
1175 1798 1359 1864 senioribus

189 1921 294 1984 nuper
319 1910 448 1965 aratum
475 1911 509 1966 et
536 1902 736 1967 seminatum
762 1922 918 1986 campum
941 1922 1017 1966 eum
1041 1903 1146 1967 sancti
1184 1901 1357 1968 Columbae

189 2005 332 2069 candida
361 2003 570 2068 circumirent
600 2005 719 2083 tunica,
750 2014 784 2069 et
813 2005 904 2069 libris
927 2005 1004 2070 stilo
1034 2005 1136 2091 ipsius
1161 2004 1335 2088 descriptis
1349 2026 1359 2085 ;

189 2107 401 2191 levarentque
417 2109 449 2172 in
466 2129 550 2186 aere,
565 2118 598 2173 et
614 2117 809 2173 excuterent
824 2111 965 2174 eandem
981 2130 1040 2193 per
1056 2119 1106 2174 ter
1120 2110 1277 2185 tunicam,
1292 2128 1359 2192 qua

189 2212 289 2276 etiam
306 2212 386 2275 hora
401 2211 512 2276 exitus
528 2211 600 2295 ejus
614 2213 657 2276 de
672 2232 770 2276 carne
786 2213 921 2277 indutus
936 2222 1006 2277 erat
1023 2235 1031 2292 ;
1052 2222 1087 2277 et
1105 2213 1177 2296 ejus
1192 2212 1358 2296 aperirent

190 2316 298 2391 libros,
314 2325 347 2380 et
370 2316 518 2400 legerent
541 2317 574 2379 in
591 2316 753 2383 Collieulo
768 2316 986 2401 Angelorum,
1002 2317 1058 2382 ubi
1082 2317 1262 2401 aliquando
1278 2315 1358 2382 coel·

189 2421 267 2483 estis
291 2420 407 2502 patriae
429 2420 518 2484 cives
533 2420 575 2484 ad
592 2420 680 2485 beati
697 2421 755 2484 viri
772 2422 962 2486 condictum
978 2421 1039 2485 visi
1055 2431 1132 2485 sunt
1148 2421 1357 2485 descendere

190 2521 276 2606 Quae
300 2532 478 2609 postquam
501 2523 616 2588 omnia
637 2523 739 2608 juxta
762 2525 880 2589 initum
904 2535 982 2589 sunt
1012 2535 1147 2609 peracta
1171 2525 1359 2603 consilium,

190 2628 309 2693 mirum
325 2628 427 2707 dictu,
442 2627 559 2691 eadem
576 2627 630 2693 die
644 2628 776 2708 coelum,
792 2630 824 2693 in
849 2630 1024 2712 praeteritis
1039 2629 1217 2707 mensibus,
1233 2628 1356 2693 Martio

189 2732 343 2797 videlicet
362 2741 396 2795 et
411 2730 530 2814 Aprili,
546 2731 707 2797 nudatum
734 2732 883 2810 nubibus,
901 2733 983 2797 mira
1004 2733 1068 2798 sub
1089 2732 1257 2797 eeleritate
1279 2732 1359 2816 ipsis

190 2838 232 2901 de
247 2846 352 2919 ponto
376 2837 631 2900 ascendentibus
654 2836 741 2900 illico
764 2847 917 2919 opertum
938 2847 997 2914 est,
1013 2846 1047 2902 et
1069 2836 1180 2920 pluvia
1203 2835 1291 2900 sacta
1306 2845 1357 2901 est

191 2960 321 3025 magna,
344 2941 398 3005 die
422 2950 588 3023 noctuque
610 2941 834 3016 descendens;
856 2951 890 3006 et
913 2942 1027 3005 sitiens
1050 2943 1139 3024 prius
1162 2951 1256 3016 terra,
1279 2941 1359 3004 satis

190 3045 318 3122 satiata,
334 3053 523 3127 opportune
537 3045 688 3127 germina
703 3045 863 3126 produxit
883 3066 951 3121 sua,
967 3055 1000 3109 et
1015 3044 1113 3109 valde
1128 3044 1222 3107 laetas
1238 3043 1357 3107 eodem

190 3168 279 3213 anno
294 3158 430 3233 segetes
478 3147 588 3215 Unius
603 3149 715 3231 itaque
730 3149 819 3214 beati
839 3149 1112 3214 commemoratio
1135 3147 1278 3212 nominis
1297 3146 1359 3211 viri

190 3254 224 3317 in
240 3253 353 3317 tunica
375 3263 409 3317 et
424 3251 516 3316 libris
531 3263 791 3318 commemorata
815 3254 928 3319 multis
942 3253 1131 3339 regionibus
1153 3252 1270 3317 eadem
1286 3252 1358 3316 vice

190 3366 225 3422 et
239 3356 371 3442 populis
386 3357 508 3423 salubri
524 3357 678 3423 subvenit
692 3359 949 3443 opportunitate

590 3748 793 3817 CAPUT
827 3748 960 3815 XLV.

263 3953 315 4020 De
329 3963 496 4020 ventomm
506 3953 833 4039 statibuscontrarits
857 3952 1056 4018 Venerabilis
1079 3952 1155 4018 Vin·
1168 3952 1289 4018 virtute

428 4060 610 4123 orationum
627 4059 661 4122 in
676 4059 826 4122 serrendos
839 4057 999 4122 conversis
1013 4065 1127 4121 ventos.

192 4238 511 4313 PRAETERITORUM,
527 4234 631 4313 nobis,
646 4253 721 4318 quae
737 4254 803 4298 non
818 4233 971 4311 vidimus,
986 4231 1102 4297 talium
1126 4230 1357 4298 miraculorum

191 4341 460 4424 praesentiaquae
477 4340 537 4423 ipsi
555 4339 794 4423 perspeximus,
805 4336 904 4403 fidem
917 4337 1142 4403 indubitanter
1151 4334 1357 4403 confirmant

192 4445 378 4508 Ventorum
395 4464 538 4526 namque
555 4443 688 4507 llamina
703 4443 941 4508 contrariorum
959 4440 1063 4506 tribus
1078 4459 1139 4504 nos
1154 4440 1216 4524 ipsi
1232 4441 1358 4506 vicibus

192 4549 225 4617 in
241 4548 387 4615 secunda
401 4549 544 4615 vidimus
559 4568 725 4617 conversa
