3226 5520
620 496 931 576 COLUMBAE.
1298 497 1354 575 161

190 724 307 794 utrem,
344 715 429 781 sicut
468 715 671 798 praedixerat
708 715 860 795 Sanctus,
897 736 994 782 cursu
1035 736 1183 782 reversus
1219 718 1358 798 concito,

190 829 371 902 reportans,
399 818 497 884 valde
531 820 673 903 gavisus,
703 840 813 885 coram
849 819 983 901 Sancto,
1014 842 1089 887 cum
1120 822 1270 887 omnium
1301 821 1357 907 qui

189 923 314 988 ibidem
351 924 489 1001 inerant,
518 925 746 1004 admiratione,
784 926 973 1010 assignavit
1035 926 1073 990 In
1106 925 1166 1006 his,
1196 934 1233 991 ut
1270 944 1359 1008 saepe

190 1028 316 1092 dictum
332 1037 392 1107 est,
407 1029 493 1092 binis
509 1030 751 1095 narrationibus
767 1031 916 1113 superius
931 1030 1113 1116 descriptis,
1124 1030 1308 1114 quamlibet
1324 1029 1357 1093 in

190 1131 299 1212 parvis
314 1131 420 1209 rebus,
435 1133 518 1197 sude
539 1132 694 1198 videlicet
716 1142 750 1198 et
766 1144 846 1210 utre,
863 1134 1037 1217 prophetia
1061 1133 1158 1200 simul
1179 1143 1213 1200 et
1228 1132 1358 1199 virtutis

191 1235 385 1302 miraculum
401 1237 552 1303 comitari
568 1246 753 1305 cernuntur.
800 1236 832 1301 N
835 1257 899 1303 unc
914 1239 957 1304 ad
973 1238 1039 1304 alia
1053 1238 1237 1306 tendamus.

540 1675 745 1743 CAPUT
783 1675 1003 1741 XXXIX.

305 1865 358 1931 Dc
378 1865 523 1931 Lr'brano
545 1865 774 1932 Harundineti
789 1865 991 1950 proplutatio
1015 1863 1133 1931 Sancti
1159 1862 1239 1928 Viri.

192 2072 289 2136 ALIO
305 2071 337 2135 in
354 2081 512 2155 tempore,
527 2092 603 2136 cum
620 2074 669 2137 vir
684 2083 818 2138 sanctus
834 2075 867 2138 in
886 2074 968 2139 lona
980 2079 1228 2138 conversaretur
1242 2070 1358 2149 insula,

190 2175 292 2239 homo
321 2176 457 2260 quidam
489 2176 638 2260 plebeius
668 2197 773 2260 nuper
799 2185 934 2260 sumpto
963 2177 1135 2242 clericatus
1165 2174 1289 2252 habitu,
1315 2174 1359 2238 de

192 2278 305 2344 Scotia
335 2282 599 2365 transnavigans,
625 2280 668 2345 ad
700 2280 887 2345 insulanum
916 2282 1004 2346 beati
1030 2279 1266 2345 monasterium
1296 2277 1357 2343 viri

189 2383 331 2449 devenit.
377 2383 487 2468 Quem
519 2405 595 2449 curn
626 2384 692 2448 alia
721 2385 776 2449 die
807 2385 950 2452 Sanctus
980 2387 1014 2449 in
1044 2385 1190 2468 hospitio
1216 2383 1357 2448 residem

189 2486 414 2570 hospitantem
438 2489 617 2553 invenisset
641 2489 758 2568 solum,
774 2491 917 2573 primum
940 2491 983 2555 de
1006 2490 1121 2574 patria,
1136 2489 1179 2553 de
1201 2497 1309 2572 gente,
1324 2495 1359 2553 et

188 2612 288 2657 causa
303 2593 437 2671 itineris,
453 2613 473 2656 a
489 2592 616 2660 Sancto
631 2592 852 2676 interrogatus
867 2616 875 2673 ;
897 2594 940 2658 de
956 2592 1179 2659 Conactarum
1198 2592 1333 2675 regione
1347 2603 1357 2632 ¹

189 2695 365 2760 oriundum
387 2716 423 2760 se
450 2695 617 2779 professus
643 2704 717 2774 est;
739 2704 773 2760 et
798 2698 841 2760 ad
866 2695 1009 2761 delenda
1036 2696 1068 2760 in
1093 2695 1358 2778 peregrinatione

189 2800 382 2883 peccamina
405 2799 506 2884 longo
527 2800 703 2884 fatigatum
727 2800 851 2866 itinere.
897 2800 961 2867 Cui
983 2821 1059 2865 cum
1083 2799 1236 2878 Sanctus,
1255 2809 1293 2863 ut
1316 2799 1358 2863 de

189 2925 258 2969 suae
282 2905 500 2988 poenitudinis
524 2905 715 2989 exploraret
741 2904 910 2987 qualitate,
932 2905 1015 2970 dura
1038 2915 1073 2971 et
1095 2905 1258 2969 laboriosa
1280 2911 1359 2968 ante

188 3007 302 3072 oeulos
325 3008 570 3073 monasterialia
594 3010 820 3093 proposuisset
842 3009 1002 3092 imperia;
1025 3009 1096 3093 ipse
1118 3015 1359 3090 consequenter

189 3114 232 3178 ad
257 3112 419 3178 Sanctum
443 3114 655 3196 respondens,
671 3113 801 3195 inquit:
824 3113 962 3178 Paratus
984 3132 1059 3177 sum
1076 3113 1120 3178 ad
1138 3111 1252 3177 omnia
1267 3131 1357 3195 quae·

189 3236 320 3300 cunque
345 3217 426 3282 mihi
450 3217 567 3300 jubere
590 3217 740 3295 volueris,
761 3216 944 3299 quamlibet
970 3217 1153 3293 durissima,
1174 3214 1359 3300 quamlibet

190 3321 334 3403 indigna
394 3318 485 3403 Quid
517 3321 637 3404 plura?
676 3321 804 3385 Eadem
835 3319 917 3384 hora
953 3321 1066 3385 omnia
1098 3340 1159 3385 sua
1188 3318 1357 3384 consessus

189 3434 334 3509 peccata,
350 3425 440 3508 leges
462 3425 678 3509 poenitentiae,
699 3424 796 3489 flexis
819 3425 852 3488 in
880 3435 1000 3489 terram
1023 3423 1172 3507 genibus,
1187 3443 1223 3488 se
1240 3423 1358 3507 imple·

189 3538 300 3590 turum
326 3528 484 3611 promisit.
542 3527 605 3594 Cui
633 3527 798 3595 Sanctus:
829 3525 945 3610 Surge,
968 3527 1024 3606 ait,
1048 3536 1082 3592 et
1108 3526 1222 3591 reside
1267 3524 1357 3591 Tum

189 3632 311 3696 deinde
347 3632 547 3697 residentem
588 3632 634 3696 sic
667 3631 869 3715 compellat:
906 3629 1111 3714 Septennem
1148 3628 1285 3696 debebis
1322 3629 1357 3694 in

190 3736 311 3801 Ethica
341 3736 576 3820 poenitentiam
617 3735 754 3819 explere
786 3745 880 3799 terra.
943 3735 1018 3818 Ego
1054 3743 1089 3800 et
1118 3743 1155 3800 tu
1184 3751 1359 3818 usquequo

190 3860 363 3907 nnmerum
380 3841 518 3924 expleas
534 3839 777 3923 septennalium
794 3858 966 3916 annorum,
979 3839 1054 3904 Deo
1068 3839 1225 3916 donante,
1238 3837 1357 3903 victuri

189 3964 311 4010 sumus
356 3944 487 4029 Quibus
504 3945 620 4011 Sancti
635 3943 840 4010 confortatus
855 3943 962 4022 dictis,
973 3953 1083 4028 grates
1099 3943 1175 4008 Deo
1189 3960 1301 4025 agens,
1313 3942 1356 4007 ad

190 4047 375 4115 Sanctum:
399 4046 490 4131 Quid
514 4069 576 4126 me,
592 4048 648 4126 ait,
670 4069 769 4133 agere
790 4057 923 4131 oportet
945 4049 988 4113 de
1010 4048 1156 4132 quodam
1180 4066 1256 4111 meo
1273 4044 1357 4111 salso

185 4153 401 4237 juramento?
430 4152 517 4217 Nam
542 4172 607 4237 ego
632 4153 800 4238 quendam
825 4153 860 4217 in
882 4153 990 4237 patria
1013 4169 1229 4217 commanens
1258 4150 1356 4216 truci-

189 4257 265 4320 davi
292 4256 571 4335 homuncionem;
593 4266 670 4340 post
695 4256 790 4340 cujus
815 4255 1081 4334 trucidationem,
1104 4254 1199 4338 quasi
1223 4271 1298 4318 reus
1322 4253 1356 4319 in

188 4360 329 4425 vinculis
351 4368 499 4426 retentus
515 4379 596 4424 sum.
643 4360 711 4428 Sed
734 4360 815 4424 mihi
839 4361 975 4444 quidam
992 4358 1232 4444 cognationalis
1254 4358 1358 4424 homo

223 4595 934 4665 rmmmcmumrnpmnmoruuna.

764 4696 784 4741 t.
