3226 5520
617 505 929 574 conuMBAE.
1292 517 1352 585 ¹47

189 708 246 773 ille
261 707 378 773 infelix
393 707 613 774 homunculus
629 710 786 773 mentitus
801 718 861 787 est,
872 708 967 792 cujus
981 727 1102 772 nomen
1118 707 1162 771 de
1177 705 1261 771 libro
1275 707 1353 770 vitae

190 812 360 877 delebitur.
407 813 493 877 Haec
508 812 608 877 verba
623 820 725 877 aesteo
741 832 828 877 nunc
844 813 1014 878 mediante
1029 810 1256 896 proloquimur
1270 820 1354 875 tem·

190 937 278 1000 pore,
294 917 353 981 sed
368 917 561 995 autumnali,
576 927 755 1000 antequam
770 917 813 981 de
829 915 924 981 suilla
939 916 1094 1000 degustet
1112 934 1218 993 carne,
1233 914 1355 979 aboreo

190 1022 343 1104 saginata
358 1021 474 1099 fructu,
490 1021 600 1085 subita
622 1030 810 1105 praeventus
834 1028 949 1096 morte,
965 1019 1006 1083 ad
1024 1019 1196 1083 infernalia
1211 1019 1356 1102 rapietur

191 1125 270 1190 loca
329 1124 414 1189 Haec
440 1125 546 1189 sancti
569 1124 744 1207 prophetia
765 1124 834 1202 viri,
857 1144 932 1188 cum
955 1122 1085 1187 misello
1108 1122 1274 1187 nuntiaret
1296 1123 1355 1185 ho·

192 1228 368 1299 muncioni,
398 1227 583 1311 despiciens
612 1227 710 1291 irrisit
740 1226 923 1292 Sanctum:
960 1236 994 1291 et
1025 1233 1101 1309 post
1129 1226 1201 1290 dies
1229 1223 1357 1307 aliquot

192 1331 433 1397 autumnalium
457 1332 629 1410 mensium,
652 1351 693 1395 eo
713 1330 859 1413 jubente,
874 1329 980 1394 scrofa
1005 1348 1125 1393 nucum
1149 1329 1357 1412 impinguata

192 1435 316 1499 nucleis
335 1435 516 1518 jugulatur,
539 1436 681 1500 necdum
705 1435 777 1498 aliis
799 1434 949 1517 ejusdem
964 1434 1024 1497 viri
1043 1434 1205 1518 jugulatis
1220 1431 1357 1511 suibus;

192 1539 235 1604 de
250 1560 315 1622 qua
330 1539 478 1604 celeriter
499 1538 686 1604 exinterata
708 1548 837 1621 partem
860 1537 920 1603 sibi
937 1537 971 1601 in
995 1559 1073 1602 veru
1096 1536 1233 1602 celerius
1255 1537 1356 1602 assari

192 1643 352 1726 praecipit,
366 1652 403 1707 ut
423 1645 467 1708 de
488 1663 528 1707 ea
551 1643 727 1725 impatiens
748 1641 850 1705 homo
871 1649 1088 1725 praegustans,
1102 1642 1192 1706 beati
1206 1642 1267 1707 viri
1282 1659 1357 1724 pro-

192 1748 417 1830 phetationem
444 1749 635 1812 destrueret
689 1744 767 1829 Qua
790 1745 944 1810 videlicet
969 1756 1088 1823 assata,
1113 1745 1184 1810 dari
1209 1747 1271 1811 sibi
1298 1765 1356 1828 po·

192 1852 300 1934 poscit
324 1852 468 1934 aliquam
496 1852 764 1935 praegustandam
792 1870 920 1913 morsus
947 1849 1163 1933 particulam;
1189 1851 1355 1932 adquam

193 1955 440 2038 percipiendam
465 1965 639 2020 extensam
665 1974 801 2018 manum
826 1954 1016 2036 priusquam
1033 1956 1075 2018 ad
1091 1974 1128 2017 os
1144 1963 1358 2031 converteret,

193 2060 358 2143 expirans,
382 2071 530 2124 mortuus
554 2069 641 2123 retro
659 2059 692 2121 in
715 2057 850 2122 dorsum
873 2058 998 2122 cecidit
1056 2058 1101 2122 Et
1123 2058 1180 2141 qui
1198 2059 1358 2133 viderant,

193 2174 226 2228 et
251 2165 307 2246 qui
334 2165 515 2240 audierant,
543 2163 640 2227 valde
670 2163 862 2240 tremefacti,
887 2163 1098 2241 admirantes,
1126 2163 1293 2228 Christum
1323 2162 1357 2225 in

194 2278 310 2332 sancto
325 2267 487 2351 propheta
503 2265 758 2332 honorificantes
772 2266 1003 2351 glorificarunt

572 2686 774 2752 CAPUT
811 2686 978 2752 XXIV.

194 2857 246 2922 De
259 2858 339 2922 alio¹
349 2868 555 2942 persecutore,
568 2860 660 2943 cusiis
674 2879 786 2924 nomen
801 2857 920 2924 latine
933 2858 1061 2923 Manus
1074 2857 1217 2923 Derura
1229 2857 1358 2922 dr'dtur.

198 3045 295 3110 Auo
306 3046 339 3110 in
352 3056 511 3130 tempore,
522 3047 572 3111 vir
583 3046 708 3125 beatus,
720 3066 796 3112 cum
808 3047 891 3112 alios
903 3046 1114 3111 ecclesiarum
1127 3055 1361 3130 persecutores,

195 3150 229 3212 in
247 3150 387 3215 Himba¹
408 3161 633 3216 commoratus
655 3151 770 3228 insula,
786 3151 1077 3217 excommunicare
1096 3150 1259 3234 coepisset,
1276 3147 1360 3213 filios

194 3253 348 3318 videlicet
362 3253 509 3319 Conallis
524 3253 581 3318 filii
598 3254 778 3334 Domnaill,
789 3275 930 3338 quorum
946 3275 1030 3320 unus
1045 3264 1115 3320 erat
1133 3255 1307 3330 lohannes,
1318 3253 1361 3319 de

196 3375 264 3437 quo
274 3376 374 3439 supra
385 3357 573 3437 retulimus;
584 3358 719 3440 quidam
732 3379 776 3423 ex
786 3358 966 3423 eorundem
979 3356 1246 3423 malefactoribus
1255 3357 1362 3435 sociis,

195 3459 320 3523 diaboli
350 3461 517 3538 instinctu,
542 3481 618 3526 cum
649 3461 746 3526 hasta
771 3463 873 3539 irruit,
898 3473 936 3527 ut
963 3461 1125 3528 Sanctum
1155 3459 1360 3527 interficeret

197 3561 297 3644 Quod
316 3583 506 3646 praecavens
526 3584 611 3629 unus
626 3586 671 3631 ex
695 3565 857 3644 fratribus,
873 3565 1098 3630 Finducanus³
1120 3565 1263 3644 nomine,
1278 3564 1361 3629 mori

197 3676 332 3750 paratus
347 3687 408 3751 pro
431 3677 547 3733 sancto
561 3670 640 3748 viro,
655 3670 785 3735 cuculla
799 3671 871 3754 ejus
886 3670 1023 3734 indutus
1045 3670 1235 3734 intercessit.
1292 3667 1361 3734 Sed

198 3771 316 3836 mirum
339 3772 372 3834 in
390 3773 527 3836 modum
552 3774 641 3838 beati
662 3774 721 3839 viri
737 3774 805 3840 tale
827 3775 1073 3852 vestimentum,
1087 3774 1182 3858 quasi
1205 3771 1361 3857 quaedam

198 3876 419 3940 munitissima
434 3886 467 3941 et
483 3877 743 3960 impenetrabilis
767 3877 876 3955 lorica,
891 3877 1075 3962 quamlibet
1097 3877 1190 3942 fortis
1205 3875 1264 3941 viri
1285 3873 1362 3939 forti

198 3980 397 4063 impulsione
423 3983 578 4045 acutioris
604 3981 718 4059 hastae,
739 3980 889 4066 transfigi
916 4002 982 4047 non
1005 3982 1125 4066 potuit,
1139 3980 1197 4045 sed
1220 3980 1361 4044 illaesum

198 4085 400 4166 permansit;
423 4094 456 4149 et
474 4086 529 4167 qui
553 4105 594 4148 eo
618 4085 753 4149 indutus
779 4096 858 4162 erat,
884 4085 1026 4149 intactus
1049 4094 1083 4149 et
1106 4081 1281 4147 incolumis
1303 4079 1360 4146 tali

198 4196 366 4269 protectus
395 4197 446 4252 est
476 4188 692 4254 munimento.
754 4188 815 4254 llle
839 4209 918 4254 vero
943 4188 1130 4266 sceleratus,
1155 4186 1212 4270 qui
1239 4184 1363 4249 Manus

232 4420 1007 4484 ¹B.Cott.quodamuefariobomineeccleaiamm‚dd..t.

231 4503 388 4565 ’liuban⁴

231 4585 467 4652 slirtdlugaumd.
