3226 5520
649 485 958 553 COLUMBAE.

611 875 814 943 CAPUT
852 875 1008 941 XXII.

536 1097 688 1165 Columba
707 1099 743 1163 in
763 1099 887 1164 eccksia
910 1100 1069 1165 moritura

223 1321 311 1388 TUM
328 1320 467 1406 proinde
482 1323 592 1387 media
610 1331 716 1401 nocte,
731 1324 884 1407 pulsante
907 1344 1078 1409 campana,
1094 1325 1232 1390 festinus
1247 1345 1384 1408 surgens

223 1426 265 1490 ad
282 1425 453 1490 ecclesiam
469 1427 598 1510 pergit;
621 1428 780 1511 citiorque
800 1429 927 1492 caeteris
951 1449 1082 1494 currens
1105 1429 1194 1494 solus
1209 1430 1385 1512 introgres-

222 1549 278 1593 sus
290 1530 391 1613 Juxta
413 1530 515 1594 altare
538 1530 635 1595 flexis
657 1531 797 1615 genibus
820 1533 853 1596 in
877 1533 1026 1598 oratione
1046 1534 1240 1617 procumbit
1287 1532 1383 1598 Dior·

223 1636 343 1699 metius
372 1644 484 1699 autem
516 1635 664 1700 minister
693 1637 819 1700 tardius
848 1648 1042 1721 prosecutus
1068 1640 1185 1703 eodem
1214 1646 1385 1703 momento

222 1740 351 1804 eminus
386 1748 491 1803 totam
519 1739 690 1803 ecclesiam
717 1741 867 1824 angelica
893 1740 965 1806 luce
995 1742 1189 1806 intrinsecus
1223 1742 1382 1825 repletam

222 1843 326 1923 vidit,
351 1843 476 1925 quoad
490 1842 628 1925 januam
644 1845 942 1927 appropinquante,
957 1847 1074 1910 eadem
1091 1847 1151 1911 lux
1166 1846 1258 1910 ocius
1281 1866 1384 1910 reces-

222 1947 273 2025 sit,
297 1948 387 2031 prius
411 1954 522 2011 tamen
550 1966 570 2011 a
592 1946 745 2011 iratribus
767 1948 838 2013 visa
858 1950 1031 2015 nonnullis.
1077 1950 1281 2015 Diormetius
1306 1970 1385 2014 vero

222 2052 394 2116 ecclesiam
419 2052 545 2115 intrans
567 2050 667 2115 flebili
694 2072 776 2117 voce
802 2053 1002 2136 ingeminat:
1029 2053 1097 2121 Ubi
1124 2074 1160 2118 es
1183 2054 1305 2118 Pater?
1327 2052 1384 2119 ubi

222 2176 257 2220 es
285 2156 403 2220 Pater?
457 2156 502 2220 Et
527 2156 668 2219 necdum
695 2155 804 2220 allatis
827 2157 967 2220 lucernis
991 2177 1011 2220 a
1034 2157 1188 2221 iratribus
1209 2177 1268 2240 per
1292 2165 1401 2222 tene-¹

223 2259 298 2323 bras
313 2258 461 2343 palpans,
477 2257 638 2324 Sanctum
654 2268 732 2322 ante
747 2259 851 2322 altare
866 2260 1078 2324 recubantem
1095 2259 1227 2323 invenit
1274 2258 1383 2342 Quem

221 2362 392 2447 paululum
415 2363 544 2445 erigens
560 2371 593 2425 et
612 2360 713 2445 juxta
728 2362 855 2439 sedens,
871 2370 1023 2426 sanctum
1047 2371 1147 2446 caput
1172 2362 1299 2445 gremio
1323 2363 1384 2425 im·

223 2467 334 2552 posuit
358 2488 425 2531 suo.
475 2466 595 2532 Caeteri
620 2486 698 2529 vero
722 2465 838 2530 sratres
861 2474 1077 2544 occurrentes,
1093 2476 1127 2530 et
1149 2475 1277 2550 patrem
1301 2466 1384 2530 mori

222 2581 402 2650 cernentes,
417 2591 516 2655 quem
532 2571 699 2635 viventem
721 2570 917 2647 dilexerant,
933 2571 1128 2634 morientem
1145 2570 1233 2634 haud
1255 2571 1384 2634 modice

222 2675 435 2760 plangebant,
458 2674 601 2740 Sanctus
617 2685 728 2738 autem
746 2675 887 2739 necdum
903 2675 1093 2758 egrediente
1109 2675 1229 2752 anima,
1248 2675 1384 2738 elevatis

222 2800 352 2846 sursum
367 2778 472 2844 oculis
487 2780 530 2844 ad
546 2789 724 2863 utrumque
741 2778 837 2858 latus,
853 2778 930 2842 laeta
944 2777 1028 2843 facie
1042 2778 1335 2863 circumspiciebat,
1351 2789 1384 2843 et

221 2883 358 2968 angelos
381 2892 512 2947 sanctos
536 2884 652 2948 adesse
675 2883 816 2947 videbat
873 2883 1077 2947 Diormetius
1100 2903 1178 2947 vero
1204 2892 1241 2949 ut
1268 2882 1384 2947 fratres

222 2987 430 3053 benediceret
446 2986 575 3052 elevata
594 2985 681 3050 illius
703 2987 843 3050 dextera
865 2987 1059 3066 admonuit;
1081 2988 1185 3052 sedet
1201 2987 1271 3070 ipse
1287 2987 1385 3050 Pater

222 3101 356 3157 sanctus
371 3091 452 3155 illud
475 3110 624 3155 annuens
647 3091 863 3173 inquantum
886 3099 1017 3175 poterat
1037 3089 1134 3155 simul
1151 3110 1286 3155 manum
1314 3091 1384 3173 ipse

223 3195 363 3261 levabat
410 3197 455 3262 Et
477 3205 555 3279 post
570 3205 720 3260 sanctam
743 3195 1008 3259 benedictionem
1032 3194 1142 3259 taliter
1156 3193 1386 3278 significatam,

222 3300 381 3365 continuo
407 3299 558 3382 spiritum
575 3296 767 3362 exhalauit.²
813 3299 929 3362 Facies
954 3299 1089 3381 quidem
1113 3297 1184 3381 ejus
1206 3299 1327 3363 rubens
1350 3308 1384 3363 et

221 3404 341 3468 mimm
365 3404 397 3467 in
422 3404 558 3468 modum
581 3422 626 3466 ex
650 3402 799 3486 angelica
822 3403 948 3466 visione
969 3402 1154 3467 exhilarata
1179 3403 1309 3468 interim
1333 3423 1381 3469 re-

223 3509 353 3586 mansit,
369 3517 405 3571 ut
421 3527 488 3571 non
504 3507 597 3589 quasi
616 3507 744 3583 mortui,
760 3507 818 3569 sed
835 3507 1029 3571 dormientis
1044 3507 1216 3571 videretur.

254 3887 264 3914 ι
279 3872 345 3925 nu.
360 3873 421 3936 111..
436 3887 476 3939 23.

253 4004 266 4031 ²
281 3989 380 4055 Nempe
390 4005 458 4040 anno
475 3988 638 4041 nxcvm.
651 3997 679 4040 ut
690 3989 776 4041 scribit
794 3990 885 4041 Matth.
902 3991 1041 4041 Westmon.
1077 3990 1125 4041 Cui
1142 3990 1209 4042 iavet
1220 3990 1307 4052 Bed23
1323 4006 1382 4042 nam

220 4070 256 4121 ait
267 4070 416 4122 Columbnm
433 4072 465 4123 Α.
481 4073 528 4137 565
540 4073 566 4123 in
583 4072 738 4124 Britanniam
750 4073 861 4124 venisse:
880 4081 905 4123 et
918 4085 950 4137 34
966 4072 1039 4123 annis
1055 4073 1197 4139 permensit.
1236 4074 1351 4124 Mortuus
1366 4086 1383 4137 9

218 4153 295 4219 Junii,
317 4153 448 4205 Mabillon.
485 4155 562 4216 Beda,
578 4155 640 4215 111,
654 4171 678 4217 4,
698 4167 738 4219 32,
752 4170 804 4206 non
816 4167 856 4219 34,
869 4171 948 4206 annos
964 4155 1055 4207 habet:
1076 4171 1136 4221 ergo
1147 4165 1258 4206 mortuui
1276 4165 1314 4207 ert
1333 4157 1382 4208 Co·

221 4235 306 4286 lumbe
324 4247 380 4285 mn.
396 4246 451 4299 597,
466 4235 568 4287 ineunte
587 4249 604 4300 9
620 4237 698 4302 Junii,
713 4238 754 4288 die
770 4236 868 4287 sabbati
884 4253 915 4288 eo
932 4253 1006 4298 anno,
1021 4247 1047 4288 ut
1067 4253 1097 4288 ex
1118 4237 1285 4303 chronologis
1303 4247 1380 4304 patet.

221 4318 271 4368 Sed
283 4317 456 4379 Adamnanus,
470 4319 590 4369 vetustior
602 4329 626 4370 et
638 4319 726 4369 melior
738 4320 807 4370 testis
824 4336 899 4386 quem
912 4321 989 4381 Beda,
1003 4320 1039 4370 ait
1050 4319 1201 4372 Columbem
1218 4332 1250 4384 34
1261 4336 1340 4371 annos
1356 4321 1383 4371 in

222 4397 351 4449 Britannia
372 4397 459 4463 egisse,
473 4399 517 4450 lib.
531 4400 558 4461 i..
572 4416 594 4451 e
612 4413 643 4460 r.,
657 4409 682 4450 et
694 4401 737 4450 lib.
751 4400 797 4461 iii,
817 4417 839 4451 c.
854 4414 893 4461 22,
907 4410 932 4452 et
951 4401 1108 4453 doctissimus
1128 4400 1252 4462 Unerius,
1273 4401 1299 4451 in
1318 4401 1379 4452 Ant.

222 4479 284 4530 Brit.
298 4480 378 4540 Eccl,
392 4496 416 4546 μ
430 4481 484 4546 363,
499 4483 607 4533 ostendit
625 4483 775 4534 Columbnm
792 4499 860 4534 anno
872 4483 919 4548 563
936 4483 1031 4535 venisse
1048 4482 1204 4536 Brittaniam.
1240 4483 1384 4536 certissime

221 4569 333 4615 mortuus
343 4571 381 4616 ert
391 4563 468 4616 Anno
480 4573 535 4630 597.
571 4563 637 4616 Vide
649 4580 732 4631 supra.
745 4580 767 4616 c.
785 4563 1003 4616 16.-Pinkerron.
