3226 5520
576 481 893 551 COLUMBAE.

593 772 797 843 CAPUT
837 774 884 842 L.

150 961 202 1027 Dc
216 961 417 1028 diversomm
434 960 621 1029 drbcretr'one
631 962 811 1047 xenr'rrnrm,
826 964 946 1030 sancto
966 964 1109 1031 revelata
1133 963 1219 1045 Viro,
1234 962 1321 1029 diali

668 1068 793 1153 gratia

153 1241 291 1307 EODEM
307 1240 341 1304 in
357 1247 507 1325 tempore
527 1239 694 1320 conallus,
708 1240 884 1326 episcopus
900 1241 1116 1320 Culerathin,·
1139 1240 1285 1306 collectis
1300 1259 1321 1306 a

151 1344 277 1429 populo
292 1344 424 1428 Campi³
439 1344 559 1410 Eilnie¹
573 1365 659 1429 pene
674 1345 968 1411 innumerabilibus
991 1346 1120 1424 xeniis,¹
1134 1345 1235 1411 beato
1249 1347 1321 1410 viro

151 1447 333 1531 hospitium
363 1448 570 1532 praeparavit,
599 1457 676 1533 post
710 1449 901 1514 condictum
931 1468 1031 1532 supra
1060 1455 1319 1512 memoratorum

152 1572 276 1636 regum,
301 1551 399 1617 turba
425 1562 646 1637 prosequente
671 1552 785 1633 multa,
810 1553 1008 1618 revertenti:
1037 1552 1177 1637 proinde
1203 1559 1321 1617 sancto

152 1656 341 1721 advenienti
355 1656 427 1720 viro
442 1657 556 1721 xenia¹
570 1657 684 1742 populi
700 1658 814 1737 multa,
830 1659 863 1722 in
878 1657 990 1743 platea
1005 1657 1196 1722 monasterii
1208 1665 1321 1736 strata,

153 1759 380 1825 benedicenda
416 1761 633 1846 assignantur.
690 1762 776 1847 Quae
805 1782 882 1827 cum
912 1761 1112 1829 benedicens
1148 1761 1322 1846 aspiceret,

153 1865 291 1929 xenium
313 1864 452 1948 alicuius
467 1864 617 1949 opulenti
631 1864 692 1929 viri
708 1865 894 1950 specialiter
915 1867 1169 1931 demonstrans:
1192 1865 1322 1944 Virum,

153 1969 208 2046 ait,
223 1969 317 2050 cujus
332 1979 383 2034 est
397 1969 461 2034 hoc
483 1970 631 2048 xenium,
646 1989 707 2054 pro
729 1970 960 2035 misericordiis
986 1990 1178 2054 pauperum,
1200 1977 1235 2034 et
1250 1969 1322 2053 ejus

155 2073 337 2157 largitione,
349 2072 426 2137 Dei¹
440 2073 618 2139 comitatur
633 2074 863 2141 misericordia
891 2074 1043 2158 Itemque
1054 2075 1144 2139 aliud
1156 2073 1321 2153 discernit,

155 2177 240 2241 inter
254 2176 319 2241 alia
334 2175 439 2242 multa
463 2177 610 2257 xenium,
626 2177 799 2261 inquiens:
821 2177 875 2243 De
890 2177 953 2242 hoc
968 2198 1032 2262 ego
1052 2177 1154 2242 xenio
1169 2178 1230 2243 viri
1245 2197 1320 2261 sap·

155 2281 252 2345 ientis
267 2292 301 2346 et
316 2282 405 2345 avari
421 2281 513 2346 nullo
529 2283 630 2347 modo
644 2291 777 2364 gustare
799 2302 944 2367 possum,
959 2282 1022 2346 nisi
1038 2282 1128 2366 prius
1143 2302 1255 2346 veram
1279 2281 1322 2346 de

155 2394 292 2468 peccato
318 2384 465 2450 avaritiae
488 2386 731 2469 poenitudincm
754 2385 865 2470 egerit
922 2384 1022 2468 Quod
1046 2386 1182 2450 verbum
1199 2385 1267 2450 cito
1288 2385 1322 2449 in

154 2486 253 2551 turba
276 2485 484 2570 divulgatum
507 2488 653 2565 audiens,
669 2489 808 2553 accurrit
831 2487 1014 2554 Columbus
1030 2486 1115 2552 filius
1142 2486 1223 2552 Aidi
1245 2507 1323 2551 con·

155 2591 250 2668 scius,
265 2599 299 2655 et
321 2610 433 2654 coram
457 2590 583 2656 Sancto
605 2591 701 2655 flexis
716 2592 857 2676 genibus
872 2592 1104 2675 poenitentiam
1128 2591 1206 2674 agit,
1221 2599 1255 2655 et
1278 2591 1321 2654 de

155 2703 276 2759 caetero
287 2695 434 2759 avaritiae
445 2695 753 2760 abrenuntiaturum
765 2716 801 2760 se
811 2696 986 2779 promittit,
997 2705 1032 2760 et
1043 2696 1230 2779 largitatem
1246 2715 1322 2759 cum

156 2818 285 2862 morum
308 2798 541 2863 emendatione
567 2809 828 2863 consecuturum.
885 2799 930 2865 Et
950 2799 1061 2882 jussus
1076 2819 1097 2863 a
1113 2799 1238 2865 Sancto
1255 2819 1323 2863 sur·

155 2922 241 2985 gere,
256 2922 301 2966 ex
318 2900 374 2966 illa
396 2903 477 2966 hora
491 2912 542 2967 est
565 2912 701 2967 sanatus
715 2904 758 2967 de
773 2903 854 2967 vitio
876 2903 1071 2968 tenacitatis
1129 2904 1211 2966 Erat
1233 2903 1323 2966 enim

156 3006 205 3070 vir
219 3006 360 3089 sapiens,
383 3007 478 3071 sicuti
501 3005 626 3073 Sancto
649 3008 681 3071 in
698 3007 770 3091 ejus
793 3007 972 3072 revelatum
999 3015 1070 3081 erat
1096 3006 1204 3071 xenio.
1263 3006 1325 3071 llle

156 3130 234 3174 vero
260 3110 352 3174 dives
379 3110 498 3195 largus,
525 3111 718 3176 Brendenus
745 3113 888 3188 nomine,
910 3111 952 3175 de
975 3111 1068 3194 cujus
1095 3111 1197 3174 xenio
1223 3110 1324 3195 paulo

156 3214 305 3296 superius
329 3214 455 3278 dictum
478 3225 537 3292 est,
553 3215 690 3279 audiens
712 3225 746 3281 et
762 3215 832 3299 ipse
856 3214 970 3280 Sancti
993 3215 1093 3279 verba
1115 3215 1157 3278 de
1173 3235 1209 3278 se
1224 3215 1323 3292 dicta,

157 3317 384 3400 ingeniculans
400 3319 443 3382 ad
467 3320 569 3401 pedes
585 3317 709 3396 Sancti,
724 3328 877 3402 precatur
891 3328 928 3383 ut
949 3339 1009 3403 pro
1024 3338 1065 3382 eo
1079 3319 1122 3382 ad
1139 3319 1323 3382 Dominum

158 3420 301 3488 Sanctus
316 3419 435 3486 fundat
450 3442 602 3505 precem:
621 3424 687 3506 qui,
702 3423 745 3487 ab
760 3443 801 3487 eo
813 3424 957 3507 primum
972 3422 1242 3506 proquibusdam
1258 3422 1326 3487 suis

156 3525 351 3609 objurgatus
379 3527 532 3609 peccatis,
554 3527 798 3611 poenitudinem
821 3548 947 3612 gerens,
962 3529 1004 3592 de
1027 3537 1148 3591 caetero
1162 3547 1198 3590 se
1214 3546 1325 3591 emen·

157 3629 312 3693 daturum
343 3629 504 3712 promisit,
529 3638 564 3694 et
589 3630 637 3696 sic
665 3640 803 3714 uterque
829 3632 872 3695 de
897 3630 1038 3715 propriis
1068 3631 1265 3695 emendatus
1290 3638 1326 3694 et

157 3742 293 3798 sanatus
308 3742 360 3798 est
374 3734 472 3798 vitiis.

202 3835 310 3904 Simili
341 3837 479 3904 scientia
508 3837 653 3905 Sanctus
682 3848 716 3904 et
745 3838 811 3903 alio
839 3847 990 3923 tempore
1019 3837 1157 3902 xenium
1187 3835 1326 3921 alicujus

157 3941 283 4006 tenacis
298 3940 368 4019 viri,
391 3941 477 4006 inter
503 3940 609 4008 multa
630 3942 787 4027 cognovit
809 3942 918 4020 xenia,
934 3941 1092 4008 Diormiti
1115 3940 1258 4019 nomine,
1280 3941 1323 4006 ad

158 4045 286 4111 Cellam
304 4044 466 4129 Magnam
482 4046 659 4112 Deathrib⁴
672 4046 706 4110 in
721 4046 793 4130 ejus
807 4047 952 4111 adventu
973 4046 1118 4110 collecta

193 4259 203 4288 ¹
217 4249 276 4310 elni,
289 4249 392 4310 exeniis,
405 4249 501 4310 exenia,
516 4250 568 4312 dio,
582 4251 610 4301 B.

190 4344 202 4372 ⁸
216 4330 282 4380 Now
294 4331 435 4392 Coleraine,
449 4347 483 4382 on
496 4331 539 4382 tbe
549 4339 603 4382 cest
613 4331 668 4383 ride
679 4330 709 4382 ol'
717 4330 760 4382 the
771 4330 852 4384 nrm.

192 4425 204 4464 ³
217 4412 259 4464 Oo
271 4412 315 4463 the
327 4412 407 4474 Banu,
420 4428 479 4463 now
490 4413 569 4479 Mrgh
581 4412 654 4464 Eine.

191 4508 203 4544 4
216 4495 249 4545 Α.
264 4494 371 4556 dethrib,
386 4495 414 4545 B.
451 4495 518 4546 Now
529 4495 651 4557 Kllmore,
665 4494 691 4546 in
704 4496 882 4558 Rcecommon,
893 4510 942 4547 oue
953 4494 980 4547 ol
989 4495 1032 4546 the
1043 4493 1164 4549 churcbet
1174 4493 1284 4547 burded
1294 4493 1329 4563 by

159 4576 197 4631 St.
211 4575 337 4633 Columba
348 4576 433 4632 beroa
444 4577 485 4633 hit
496 4577 606 4634 removal
617 4586 644 4630 to
655 4577 785 4633 swunnd
