3226 5520
745 471 1057 543 OFFICIUM

575 676 1183 745 Mortuiresuscitatiirnntiacbriatinominee

575 763 609 814 Et
620 761 712 829 leprosi
723 769 781 813 sunt
792 761 906 813 mundati
919 760 925 827 Ι
938 762 1015 813 semei
1027 760 1072 812 loti
1083 759 1194 811 flumine.

575 846 668 898 Sancto
679 845 764 906 semel,
778 853 805 896 ut
816 845 944 910 scripturae
957 842 963 909 Ι
977 843 1053 896 finem
1064 843 1134 894 daret
1144 842 1226 904 citius.

573 926 632 978 Oris
644 927 704 977 flatu
715 926 779 976 miro
787 926 844 991 jare
858 925 863 990 Ι
877 927 961 977 iumen
972 924 1042 976 dedit
1053 924 1155 991 digitus,

572 1008 661 1060 Donec
672 1008 715 1059 ilia
726 1008 789 1059 ineis
800 1024 868 1074 pune
880 1006 887 1073 Ι
900 1007 925 1058 ri
936 1006 1073 1074 scripsisset
1084 1006 1191 1074 plenius.

573 1088 628 1141 Sibi
639 1088 727 1140 fratrer
741 1088 896 1149 inridebant,
912 1087 917 1153 Ι
931 1095 958 1139 et
968 1096 1070 1155 psopter
1081 1088 1209 1151 mnemia,

570 1172 655 1235 Atque
665 1169 714 1221 sibi
726 1169 853 1221 indebant
866 1168 872 1235 Ι
884 1169 946 1220 dine
957 1169 1044 1221 mortis
1055 1169 1162 1235 poenire

572 1252 623 1304 Sed
635 1267 732 1303 venene
743 1251 873 1317 fugiebant
886 1249 891 1316 Ι
905 1267 950 1317 per
960 1251 1040 1303 emcis
1050 1251 1187 1319 aigmeoia.

571 1333 893 1385 Lametsirtas'rriuitsti
908 1331 1156 1398 lsitetbenedietio,

569 1416 637 1467 Lens
647 1422 673 1467 et
683 1416 764 1467 bonor
776 1415 875 1470 Unitati
889 1414 895 1481 Ι
907 1416 989 1484 sitque
996 1416 1122 1484 jubilatio,

571 1497 1240 1566 Patriaflaminisatqaeuatilcomperntlandatio.
1270 1500 1368 1554 Amen.

340 1599 405 1651 Vere.
442 1598 545 1650 Amavit
556 1614 614 1650 eum
626 1598 758 1661 Dominus,
771 1605 823 1650 etc.
854 1600 927 1666 Resp.
963 1599 1035 1652 stou
1044 1598 1139 1666 gloriae,
1151 1606 1199 1652 ete.

344 1700 410 1750 Arre.
444 1697 626 1750 Domnutricis
637 1698 740 1750 latesoet
755 1698 841 1759 ubera,

441 1781 505 1832 Puer
515 1786 623 1841 sanctas,
637 1778 727 1831 cohors
738 1779 853 1846 engdics

440 1862 521 1928 Sapra
530 1862 623 1914 iectum
633 1862 723 1914 iudeus
732 1861 760 1913 in
770 1878 828 1915 sera

440 1944 516 1997 Novo
527 1961 594 1996 nova
606 1944 705 2008 da[ba]t
715 1944 815 2011 podis,

439 2027 537 2094 Quibus
547 2027 607 2079 risis
619 2043 662 2079 rex
673 2034 744 2093 pater
755 2026 845 2078 intima

439 2110 528 2162 Mente
538 2109 624 2161 laudat
636 2108 686 2161 Dei
697 2107 832 2175 magnalia

633 2209 675 2258 Ps.
712 2205 866 2274 Magnificat.

345 2308 439 2361 Oratio.
482 2309 552 2360 Deus
572 2307 616 2374 qui
638 2308 739 2359 beatum
767 2304 916 2359 Masticium
943 2306 1110 2359 consessorem
1131 2312 1211 2371 tuum,
1233 2314 1312 2375 atque
1332 2308 1485 2376 pmiifiuem

309 2392 420 2445 eociesiae
437 2397 487 2442 tuae
506 2391 606 2442 voluisti
625 2406 731 2456 praeesse
750 2397 884 2456 pastorem,
906 2389 987 2440 tribue
1007 2404 1156 2455 quaesumus,
1176 2398 1204 2442 at
1222 2390 1268 2458 qni
1286 2390 1342 2458 ejus
1364 2392 1485 2444 natali&

309 2475 423 2536 oobmus,
434 2490 480 2541 spe
490 2473 567 2525 futuri
578 2473 663 2540 gaudii
674 2488 725 2525 non
735 2472 885 2533 fraudemur,
899 2487 944 2537 per
957 2472 1033 2523 Dona.

384 2591 484 2644 Deinde
490 2592 545 2658 fiat
561 2591 653 2643 menne
667 2591 810 2643 wknniter
824 2589 856 2642 de
870 2598 953 2642 sancte
969 2591 1087 2643 Martiae
1101 2606 1159 2642 eren
1173 2588 1221 2643 hee
1234 2590 1397 2659 Antr’pkeree.

342 2706 367 2760 0
378 2707 479 2758 beatum
491 2707 571 2758 nrum
582 2706 652 2773 cujus
663 2706 748 2759 anima
764 2706 907 2773 paradisum
926 2706 1046 2773 possidet,
1059 2706 1126 2758 unde
1136 2704 1248 2759 exultant
1257 2706 1352 2773 engcii,
1362 2707 1484 2761 boatu

306 2790 458 2857 erchangeii‚
471 2790 561 2841 chorm
576 2798 719 2841 sauctorum
734 2791 880 2856 proclamat,
900 2789 974 2841 turba
989 2789 1114 2857 virginum
1129 2787 1237 2842 inritata
1252 2804 1329 2843 mane
1344 2790 1481 2843 nobiscnm

308 2872 335 2923 in
346 2881 475 2925 aeternum.

335 2972 400 3023 rm.
433 2973 520 3038 Jatus
530 2970 717 3039 gamunan
730 2977 778 3023 nc.

310 3104 397 3156 Oratio
413 3111 543 3170 utsupra,
563 3104 618 3155 nr'ss'
633 3104 662 3154 s'rr
678 3104 774 3156 ecclesia
793 3104 932 3155 cathedrali
946 3104 1122 3167 Aberdorserrss',
1140 3104 1170 3156 r‘te
1188 3119 1239 3170 qu
1255 3119 1313 3156 mr
1328 3105 1365 3156 sie
1379 3107 1479 3169 satan

676 3187 819 3253 principale
830 3187 904 3236 nulla
914 3186 960 3247 fiet
970 3188 1095 3239 memma

371 3304 410 3354 II.
429 3305 474 3353 Ad
488 3305 658 3355 Matutinum.

306 3403 496 3453 luminarium.
535 3404 625 3452 Honor
637 3403 736 3453 Christo
747 3401 779 3453 sit
791 3412 817 3454 et
828 3403 966 3468 imperium,

530 3485 581 3550 Qui
592 3485 625 3534 ad
636 3486 727 3536 coeium
739 3486 807 3536 vexit
817 3502 940 3550 superum.

693 3586 734 3634 Ps.
749 3584 840 3635 Venite
851 3584 947 3646 (ecia).

369 3699 402 3748 Ire
419 3699 440 3749 I.
456 3699 590 3749 Nocturna

335 3799 398 3847 Aret.
433 3797 514 3848 Natus
525 3796 590 3862 regis
602 3794 671 3861 pueri
683 3796 757 3847 irater
769 3797 842 3847 morti
854 3797 934 3857 datur,

431 3881 482 3932 Sed
494 3889 561 3931 tactu
574 3879 689 3930 Mauricii
702 3895 760 3929 mox
771 3879 937 3931 resuscitatur.

626 3981 668 4030 Ps.
682 3978 774 4030 Beatus
785 3979 822 4028 vir
834 3980 883 4042 (i).

334 4080 396 4129 Aret.
431 4079 500 4130 Sicut
513 4078 598 4143 Moysi
610 4078 688 4129 iuerat
700 4079 774 4129 rubus
785 4078 964 4142 incombustus,

432 4161 496 4211 Puer
508 4176 568 4225 rogo
581 4159 683 4225 vagiens
694 4160 812 4211 remansit
823 4160 926 4212 inustus.

626 4261 667 4311 Pr.
681 4260 764 4325 Quare
775 4260 927 4312 fremuerunt
939 4262 973 4323 (ii.
979 4264 995 4324 ).

333 4361 395 4409 Ant.
431 4359 484 4410 Sub
495 4374 560 4424 aqua
571 4359 716 4410 tenerrimus
727 4359 847 4410 innocens
858 4361 981 4426 profunda

428 4440 520 4503 Jacuit‚
533 4441 577 4491 aed
589 4456 649 4505 puer
660 4455 710 4490 non
722 4441 852 4492 submersit
865 4443 939 4492 unda

622 4537 663 4587 Pr.
678 4537 788 4590 Domine
798 4539 860 4605 quid
872 4540 938 4603 (iii).
