3226 5520
609 500 872 568 N1N1Anr.
1278 512 1319 583 37

157 721 276 779 natura
312 711 520 790 formaverat,
552 709 708 775 omnibus
738 708 883 774 menbris
916 708 949 773 in
980 707 1179 772 contrarium
1209 706 1320 771 versis.

158 816 363 881 Retroversis
378 834 524 898 namque
539 814 663 898 pedum
678 812 833 890 articulis,
845 811 903 876 tali
919 811 1065 875 anterius
1079 809 1321 894 prominebant,

154 922 290 986 dorsum
315 920 421 986 vultui
444 918 641 996 cohaerebat,
657 925 773 1002 pectus
795 915 1002 981 vicinabatur
1020 915 1161 999 occipiti,
1176 914 1320 978 curvatis

157 1024 299 1089 brachiis
320 1043 438 1088 manus
453 1022 573 1088 cubitis
596 1021 791 1087 insidebant
838 1019 929 1104 Quid
952 1020 1069 1104 plura?
1112 1018 1251 1102 Jacebat
1266 1016 1322 1081 illa

158 1139 231 1194 atra
245 1128 372 1213 effigies
386 1128 438 1194 cui
454 1130 535 1193 data
550 1127 679 1192 fuerant
701 1126 851 1191 membra
866 1126 937 1189 sine
952 1144 1023 1202 usu,
1037 1123 1106 1189 vita
1121 1124 1191 1188 sine
1206 1122 1323 1202 fructu,

158 1234 210 1298 cui
240 1234 376 1298 artubus
406 1232 533 1297 caeteris
563 1232 733 1297 dissolutis
763 1231 834 1295 sola
869 1230 982 1314 lingua
1011 1237 1188 1311 supererat,
1220 1247 1321 1312 quam

160 1338 313 1402 miseram
337 1336 519 1421 plangeret,
534 1357 601 1421 qua
616 1337 784 1401 intuentes
800 1335 842 1400 ad
866 1334 1002 1411 luctum,
1017 1332 1190 1398 audientes
1205 1351 1322 1416 provo·

159 1451 249 1506 caret
275 1441 318 1505 ad
349 1441 472 1505 fletum.
534 1440 729 1505 Parentibus
759 1440 855 1505 dolor
883 1439 1060 1504 continuus
1089 1447 1169 1515 erat,
1191 1436 1324 1502 tristitia

160 1545 281 1610 cotidie
305 1546 502 1609 acrescebat
547 1545 650 1609 Venit
673 1545 719 1609 eis
743 1545 879 1609 tandem
895 1545 929 1608 in
955 1553 1100 1608 mentem
1127 1540 1325 1606 sanctissimi

162 1649 297 1714 Niniani
317 1650 440 1714 totiens
458 1659 599 1733 experta
622 1649 794 1733 majestas;
817 1670 856 1713 ac
871 1648 937 1713 fide
958 1648 1056 1732 plene
1072 1647 1226 1712 miserum
1244 1645 1324 1710 illud

160 1754 302 1819 cadaver
325 1753 493 1836 arripiunt
519 1753 746 1837 adeuntesque
769 1755 851 1818 sacri
874 1754 934 1818 viri
955 1753 1108 1836 reliquias
1130 1750 1324 1816 sacrificium

161 1858 294 1922 contriti
310 1856 418 1921 cordis
434 1877 509 1922 cum
526 1856 734 1923 lacrimarum
750 1857 940 1942 profusione
955 1855 1106 1934 offerunt,
1121 1877 1160 1920 ac
1175 1854 1327 1940 precibus

160 1960 289 2025 devotis
304 1979 409 2044 usque
424 1959 467 2024 ad
484 1959 599 2023 horam
616 1961 838 2044 vespertinam
859 1958 1021 2023 insistunt
1068 1957 1201 2023 Deinde
1216 1966 1325 2022 trunc-

162 2084 218 2129 um
257 2064 350 2128 illum
383 2074 461 2128 ante
496 2065 661 2128 tumulum
696 2065 802 2130 sancti
836 2064 1041 2148 proicientes
1101 2061 1249 2145 Suscipe,
1278 2060 1326 2125 in-

162 2167 290 2252 quiunt,
320 2165 352 2232 O
386 2167 483 2231 beate
514 2165 670 2231 Ninianil
710 2168 800 2252 quod
831 2166 1009 2243 offerimus,
1040 2184 1160 2229 munus
1190 2162 1325 2248 quidem

163 2270 314 2348 invisum,
330 2279 380 2335 set
398 2271 440 2334 ad
466 2280 557 2335 tuam
573 2271 729 2336 virtutem
750 2270 1034 2355 comprobandam
1058 2269 1138 2333 satis
1162 2268 1327 2333 idoneum

162 2374 260 2442 Certe
276 2394 337 2437 nos
352 2373 438 2450 sessi,
449 2393 510 2438 nos
531 2373 671 2460 fatigati,
686 2397 747 2440 nos
762 2374 872 2441 affecti
892 2375 1034 2451 tristitia,
1045 2393 1107 2437 nos
1122 2371 1224 2438 taedio
1242 2370 1329 2449 victi,

162 2488 229 2545 tuae
246 2478 326 2543 illud
351 2479 467 2562 pietati
483 2481 694 2563 exponimus.
749 2480 914 2545 NImirum
930 2480 958 2544 si
974 2498 1095 2543 munus
1110 2487 1170 2555 est,
1190 2475 1330 2541 debetur

164 2583 272 2667 gratia
287 2581 522 2661 offerentibus3
546 2585 573 2648 si
589 2584 705 2662 honus,
721 2595 755 2649 tu
772 2587 888 2668 utique
904 2584 1018 2649 sortior
1033 2582 1075 2647 ad
1092 2582 1331 2660 sustinendum,

163 2687 215 2751 cui
232 2686 341 2770 potior
355 2686 459 2750 virtus
477 2697 529 2752 est
550 2688 593 2753 ad
616 2688 888 2753 subveniendum.
935 2687 1001 2752 Hic
1027 2687 1127 2771 igitur
1150 2695 1208 2751 aut
1232 2683 1330 2749 mori·

164 2801 247 2869 atur,
271 2801 329 2854 aut
353 2791 466 2872 vivat;
494 2801 552 2857 aut
575 2803 717 2872 sanetur,
739 2803 797 2859 aut
819 2802 940 2878 pereat
1007 2791 1101 2869 Haec,
1123 2789 1176 2855 vel
1202 2787 1333 2868 similia,

166 2915 241 2959 cum
267 2894 409 2959 lacrimis
439 2897 614 2979 prosecuti,
640 2898 755 2962 relicto
779 2909 857 2962 ante
881 2917 990 2961 sacras
1020 2894 1174 2978 reliquias
1197 2901 1332 2977 aegroto,

167 3000 350 3063 discedunt
398 2998 443 3063 Et
459 3020 535 3064 ecce
552 3001 761 3084 intempestae
778 3002 884 3065 noctis
900 3000 1041 3077 silentio,
1055 3000 1147 3063 videt
1163 2999 1260 3062 miser
1276 2996 1335 3060 ad·

167 3113 370 3182 ventantem,
386 3103 428 3167 ad
452 3125 489 3169 se
510 3105 617 3169 virum
642 3107 769 3170 coelesti
794 3106 865 3169 luce
887 3125 1069 3181 coruscum,
1089 3100 1333 3187 pontificalibus

166 3208 317 3292 insigniis
341 3208 603 3294 praefulgentem.
660 3209 727 3293 Qui
754 3220 894 3293 tangens
920 3210 950 3274 ei
976 3218 1076 3292 caput
1097 3207 1193 3291 jubet
1214 3224 1332 3270 sanum

170 3331 376 3396 consurgere,
395 3323 429 3376 et
454 3313 537 3391 Deo,
561 3314 706 3377 sanatori
734 3334 803 3391 suo,
818 3315 942 3398 gratias
967 3333 1076 3397 agere.
1120 3309 1199 3394 Quo
1222 3309 1335 3374 absce-

168 3417 277 3492 dente,
293 3415 387 3500 quasi
404 3415 446 3480 de
462 3417 554 3501 gravi
570 3437 712 3501 sompno
729 3417 898 3502 evigilans,
913 3437 1039 3500 pauper
1055 3414 1191 3479 menbra
1206 3411 1337 3495 singula

168 3521 210 3584 ad
228 3520 301 3583 loca
324 3521 489 3585 naturalia
512 3521 598 3585 sacili
615 3533 708 3586 motu
732 3531 921 3605 retorquet,
944 3530 1201 3605 recuperatoque
1227 3515 1336 3581 officio

167 3624 328 3701 omniurn,
344 3625 387 3688 ad
405 3644 484 3688 suos
500 3646 600 3690 sanus
615 3626 855 3711 incolumisque
867 3626 1047 3690 revertitur.
1079 3622 1210 3688 Deinde
1226 3630 1334 3686 totum

167 3747 203 3791 se
230 3727 263 3791 in
291 3727 440 3806 ecclesia,
463 3729 762 3814 ecclesiasticisque
783 3729 975 3813 disciplinis,
998 3728 1105 3813 primo
1127 3736 1279 3791 attonsus
1302 3723 1335 3786 in

167 3830 334 3909 clericum,
358 3842 392 3896 et
419 3835 635 3916 postmodum
664 3835 696 3898 in
723 3835 941 3918 presbiterum
969 3832 1149 3910 ordinatus,
1173 3831 1205 3894 in
1234 3827 1336 3911 ipsius

169 3935 274 4019 patris
290 3936 458 4019 obsequiis
474 3937 576 4001 vitam
593 3936 705 4002 finivit

546 4144 572 4191 2.
603 4126 645 4191 In
662 4137 803 4210 paupere
823 4125 967 4191 scabioso.

217 4279 377 4345 Excitata
392 4278 484 4343 fama
500 4279 648 4344 miraculi
663 4290 837 4345 accurrunt
856 4279 951 4344 multi
967 4301 975 4358 ;
1001 4298 1061 4342 sua
1076 4275 1196 4360 singuli
1212 4276 1337 4339 incom-

172 4384 273 4448 moda
289 4393 366 4447 ante
379 4404 489 4448 sacras
504 4383 659 4467 reliquias
668 4393 913 4469 componentes
944 4383 1034 4448 Inter
1048 4401 1133 4465 quos
1145 4379 1192 4443 vir
1201 4377 1336 4463 quidam

172 4487 327 4571 simplex,
340 4508 440 4553 censu
457 4488 592 4572 quidem
609 4509 742 4572 pauper,
758 4499 809 4553 set
824 4487 889 4553 fide
904 4507 942 4552 ac
958 4487 1046 4552 bona
1061 4485 1231 4550 voluntate
1245 4482 1339 4547 dives

173 4592 308 4658 advenit
323 4613 332 4672 ;
355 4592 451 4677 cujus
470 4592 619 4659 inaudita
633 4591 761 4659 scabies
783 4602 892 4660 totum
907 4610 1027 4677 corpus
1042 4591 1215 4668 invaserat,
1231 4586 1338 4653 omni·
