3226 5520
607 885 805 953 CAPUT
843 886 996 951 XXII.

261 1087 313 1153 De
328 1088 462 1153 interitu
477 1088 642 1168 lohannes,
648 1090 724 1174 filii
739 1090 889 1170 Corallis,
903 1091 1014 1156 eadem
1028 1091 1081 1156 die
1094 1111 1160 1174 qua
1176 1089 1336 1156 Sanctum

599 1206 748 1278 spernens
762 1195 990 1261 delrrmoram't.¹

219 1364 293 1429 VIR
322 1367 529 1431 venerandus
559 1387 658 1450 supra
688 1376 908 1432 memoratum
939 1366 1193 1442 Columbanum,
1215 1384 1315 1447 quem
1341 1363 1384 1427 de

218 1488 363 1553 paupere
381 1470 486 1534 virtus
507 1470 748 1535 benedictionis
771 1471 842 1554 ejus
864 1472 968 1535 ditem
991 1471 1077 1547 fecit,
1092 1470 1188 1535 valde
1203 1468 1384 1552 diligebat;

219 1572 298 1655 quia
319 1573 349 1636 ei
373 1573 478 1638 multa
503 1574 637 1659 pietatis
662 1574 771 1639 officia
795 1575 973 1658 praebebat
1030 1575 1113 1640 Erat
1134 1584 1247 1639 autem
1270 1571 1327 1636 illo
1349 1571 1383 1634 in

219 1685 370 1761 tempore
381 1679 517 1762 quidam
534 1677 727 1744 malefactor
740 1679 852 1758 homo,
862 1679 1025 1744 bonomm
1042 1688 1238 1761 persecutor,
1250 1675 1385 1740 nomine

221 1779 409 1859 Iohannes,²
422 1781 507 1846 filius
524 1782 672 1848 Conallis
687 1780 744 1847 filii
761 1783 941 1861 Domnalli,
956 1783 999 1847 de
1014 1783 1105 1868 regio
1120 1781 1280 1848 Gabrani³
1293 1789 1385 1845 ortus

220 1905 348 1970 genere
426 1886 494 1951 Hic
533 1888 761 1971 supradictum
802 1886 1057 1963 Columbanum,
1094 1887 1199 1951 sancti
1240 1884 1384 1950 amicum

220 1987 404 2068 Columbae,
434 1990 693 2074 persequebatur
700 2014 708 2071 ;
744 1991 949 2075 domumque
982 1991 1063 2074 eJus,
1091 1990 1246 2055 omnibus
1278 1988 1312 2052 in
1346 2007 1386 2052 ea

220 2092 373 2173 inventis,
396 2093 635 2171 devastaverat,
662 2093 791 2177 ereptis,
818 2114 885 2158 non
911 2094 1023 2173 semel,
1047 2093 1104 2158 sed
1134 2093 1186 2158 bis
1212 2090 1386 2156 inimiciter

221 2217 331 2282 agens
377 2197 478 2263 Unde
493 2196 578 2263 sorte
596 2216 663 2261 non
684 2198 851 2262 immerito
870 2198 979 2262 eidem
1003 2196 1151 2281 maligno
1171 2196 1292 2260 accidit
1306 2194 1386 2272 viro,

222 2310 261 2366 ut
285 2301 384 2367 tertia
407 2303 479 2367 vice
504 2311 581 2386 post
610 2301 760 2386 ejusdem
787 2301 907 2366 domus
936 2303 1068 2367 tertiam
1095 2299 1387 2385 depraedationem,

222 2405 356 2471 beatum
368 2406 485 2483 virum,
496 2426 596 2489 quem
609 2407 702 2488 quasi
719 2405 849 2488 longius
865 2405 1010 2489 positum
1022 2405 1223 2489 disperserat,
1236 2404 1387 2487 proprius

223 2510 554 2593 appropinquantem,
579 2506 621 2573 ad
650 2529 769 2574 navem
800 2519 966 2574 revertens
999 2509 1113 2593 praeda
1142 2518 1281 2572 onustus
1310 2526 1386 2571 cum

223 2612 328 2689 sociis,
371 2613 506 2676 obvium
550 2612 695 2677 haberet
770 2610 880 2695 Quem
925 2632 1000 2676 cum
1047 2612 1190 2678 Sanctus
1234 2611 1276 2675 de
1320 2610 1388 2674 suis

223 2717 399 2799 corriperet
444 2717 548 2795 malis,
592 2719 807 2800 praedamque
851 2716 1018 2800 deponere
1062 2736 1182 2799 rogans
1226 2715 1390 2792 suaderet,

224 2820 287 2897 illc,
317 2821 453 2886 immitis
484 2830 519 2885 et
556 2820 762 2884 insuadibilis
799 2839 1006 2903 permanens,
1036 2818 1198 2886 Sanctum
1231 2818 1389 2901 dispexit,

224 2925 402 3008 navimque
416 2945 492 2990 curn
509 2926 623 3008 praeda
637 2924 829 3003 ascendens,
841 2925 977 2990 beatum
993 2924 1098 2989 virum
1114 2921 1340 2988 subsannabat
1355 2932 1390 2987 et

224 3028 403 3093 deridebat
464 3027 574 3112 Quem
605 3029 749 3095 Sanctus
778 3029 821 3093 ad
853 3049 943 3093 mare
975 3049 1079 3111 usque
1109 3036 1301 3111 prosecutus
1330 3035 1390 3104 est,

223 3133 409 3216 vitreasque
425 3132 550 3197 intrans
568 3152 672 3217 aquas
696 3154 801 3216 usque
825 3134 868 3197 ad
888 3153 997 3216 genua
1021 3152 1199 3215 aequoreas,
1215 3131 1330 3197 levatis
1345 3131 1388 3196 ad

224 3235 346 3300 coelum
372 3234 480 3299 ambis
507 3235 668 3315 manibus
696 3237 864 3302 Christum
891 3237 1018 3300 intente
1044 3244 1204 3319 precatur,
1229 3235 1286 3319 qui
1312 3255 1389 3300 suos

225 3337 446 3422 glorificantes
469 3359 505 3403 se
526 3339 688 3422 glorificat
709 3339 839 3405 electos.
886 3340 948 3405 Est
963 3359 1040 3404 vero
1063 3338 1117 3402 ille
1136 3349 1259 3422 portus,
1273 3339 1307 3402 in
1323 3357 1391 3423 quo

225 3452 302 3526 post
316 3463 484 3523 egressum
500 3445 717 3526 persecutoris
732 3454 824 3509 stans
840 3443 1007 3528 paulisper
1023 3443 1206 3507 Dominum
1219 3440 1390 3519 exorabat,

226 3547 259 3611 in
297 3545 371 3613 loco
407 3546 464 3630 qui
503 3547 636 3613 Scotice
665 3559 810 3627 vocatur,
840 3546 1085 3614 Ait-Chambas
1117 3545 1386 3612 Art-muirchol.⁴

259 3795 269 3825 ¹
283 3782 313 3833 Β.
327 3783 378 3833 sud
389 3783 458 3835 Cott.
493 3783 549 3835 The
560 3783 615 3835 title
625 3783 652 3834 in
664 3785 696 3835 Α.
710 3783 732 3835 is
751 3785 817 3835 “De
829 3784 1016 3835 malefactorum
1032 3782 1135 3834 interitu
1149 3782 1193 3849 qui
1210 3783 1330 3835 Sanctum
1341 3781 1391 3833 dis·

225 3864 372 3932 meunt„

258 3961 270 3990 ι
284 3949 327 3999 lle
338 3948 359 3999 is
371 3948 516 4001 mentioned
527 3949 581 4000 also
592 3949 618 4000 in
630 3964 685 4016 cap.
699 3962 732 4013 ²⁴
742 3950 822 4015 infra,
835 3950 879 4002 but
890 3950 910 4001 it
922 3949 943 4001 is
953 3949 1058 4001 difficolt
1069 3957 1096 3999 to
1107 3947 1181 3998 make
1189 3954 1232 3998 out
1243 3945 1392 3998 bisdescent

225 4030 336 4096 reginen
347 4030 373 4081 in
385 4030 455 4082 these
466 4032 557 4099 places
582 4032 624 4083 He
632 4031 654 4082 is
663 4033 822 4098 represented
831 4048 858 4083 ss
867 4032 909 4083 the
917 4031 1123 4098 great-grandson
1132 4029 1162 4080 oi
1168 4029 1297 4090 Gebhren,
1309 4029 1393 4081 whose

225 4128 272 4164 son
293 4113 378 4164 Aidsn
397 4130 449 4165 ns
472 4115 508 4167 St.
531 4113 677 4167 Columbs's
693 4125 883 4182 contemporary
899 4116 951 4165 and
972 4113 1031 4165 died
1054 4113 1080 4164 in
1102 4112 1159 4173 606,
1180 4113 1224 4165 but
1244 4111 1284 4163 his
1301 4112 1393 4178 grand·

226 4195 332 4261 nepbew
344 4195 365 4246 is
376 4197 536 4262 represented
547 4213 576 4248 ss
586 4206 612 4248 at
624 4196 704 4248 man’s
714 4205 793 4249 estate
805 4214 880 4263 many
890 4213 962 4263 years
972 4196 1057 4248 before
1068 4196 1131 4247 thet.

259 4291 271 4328 ³
284 4278 413 4340 Gabbrsn,
423 4295 467 4330 son
477 4280 507 4330 oi
518 4280 697 4345 Domhangart,
709 4281 845 4332 mcceeded
857 4280 896 4330 his
908 4281 1009 4331 brother
1018 4278 1133 4344 Comgall
1143 4293 1171 4328 as
1183 4278 1253 4344 King
1261 4276 1289 4328 oi
1300 4277 1393 4330 Scotclt

227 4360 349 4412 Dslrisds
359 4361 385 4412 in
398 4361 453 4427 558.
491 4362 533 4414 He
545 4363 603 4413 died
616 4363 641 4412 in
655 4363 710 4428 560,
723 4364 774 4413 end
785 4379 836 4414 ω
847 4364 983 4414 succeeded
996 4364 1028 4427 by
1040 4361 1079 4412 bis
1091 4359 1195 4427 nephesr
1207 4360 1306 4412 Conall.

259 4445 317 4496 sA.
360 4445 394 4495 sd
410 4445 520 4495 cembesi
537 4445 581 4495 ard
599 4445 720 4506 muircoll,
741 4447 770 4497 B.
814 4445 958 4496 eidcsmbss
974 4443 1141 4503 srdmuircoll,
1161 4442 1229 4495 Gott.
1273 4443 1356 4494 There
1372 4443 1394 4495 is

227 4541 261 4576 no
271 4526 343 4592 place
353 4528 435 4579 called
445 4527 603 4579 Ait-cembes
614 4527 640 4579 in
652 4528 868 4580 Ardnsmnrcbsn.
914 4527 1118 4594 eanum-gut
1131 4526 1176 4578 hu
1187 4526 1251 4578 been
1261 4527 1394 4593 suggested

228 4624 256 4660 es
266 4609 309 4660 tbe
320 4609 392 4676 place
403 4619 495 4662 mesot.

801 4694 824 4737 K
