3226 5520
300 519 361 584 208
578 514 725 583 VITA
766 507 1070 583 ll.-L1BER
1110 510 1193 581 Ill.

297 734 476 802 consertus,
500 744 638 788 numero
663 736 863 808 aggregatus
889 723 1076 788 albatorum
1099 721 1239 787 millium
1264 720 1414 805 Agnino
1440 721 1477 784 in

298 828 459 911 sanguine
471 848 548 893 suas
564 828 763 894 Sanctorum
776 829 832 912 qui
848 828 999 892 laverunt
1014 827 1124 906 stolas,
1136 824 1276 910 Agnum
1292 827 1479 890 ductorem

298 931 482 1009 comitatur,
512 931 619 1013 Virgo
648 932 888 1010 immaculatus,
918 931 962 995 ab
991 931 1082 994 omni
1119 931 1248 1014 integer
1279 928 1368 1007 labe,
1400 927 1479 1012 ipso

299 1036 448 1099 Domino
459 1046 572 1100 nostro
586 1037 666 1118 Jesu
680 1035 813 1101 Christo
825 1037 1000 1119 dignante:
1016 1035 1066 1098 cui
1083 1043 1134 1099 est
1145 1053 1221 1098 cum
1238 1033 1340 1098 Patre
1352 1031 1478 1110 honor,

298 1141 410 1219 virtus,
436 1140 508 1204 laus
533 1150 567 1204 et
597 1139 710 1223 gloria,
736 1150 770 1204 et
797 1140 972 1223 imperium
1003 1136 1240 1221 sempiternum
1272 1136 1307 1200 in
1339 1135 1478 1201 unitate

299 1243 442 1328 Spiritus
459 1244 582 1323 Sancti,
598 1263 657 1328 per
670 1244 784 1308 omnia
799 1243 921 1308 saecula
936 1242 1139 1308 saeculorum

783 1482 980 1548 Eumouus

343 1660 422 1723 Post
438 1658 555 1722 horum
579 1657 747 1722 trinalium
764 1656 940 1720 lectionem
960 1653 1153 1732 libellorum,
1168 1653 1309 1737 quisque
1322 1652 1475 1737 diligens

298 1772 436 1826 annotet
461 1762 565 1825 lector
586 1762 701 1845 quanti
718 1770 752 1824 et
766 1759 874 1842 qualis
897 1759 1005 1823 meriti
1027 1768 1161 1823 sanctus
1175 1778 1265 1841 saepe
1280 1777 1385 1841 supra
1401 1777 1475 1822 me·

297 1878 444 1932 moratus
474 1866 593 1949 praesul
620 1865 836 1943 venerandus,
866 1872 1001 1948 quantae
1031 1873 1065 1927 et
1094 1861 1201 1946 qualis
1230 1863 1321 1944 apud
1354 1861 1472 1925 Deum

297 1969 555 2035 honorificentiae
582 1970 678 2034 suerit
701 1969 894 2045 aestimatus,
910 1977 1045 2051 quantae
1060 1976 1095 2030 et
1108 1965 1224 2050 quales
1245 1965 1410 2048 angelicae
1426 1963 1472 2029 ad

297 2075 416 2157 ipsum,
431 2082 465 2137 et
480 2073 654 2138 luminosae
677 2071 966 2155 frequentationes,
981 2070 1122 2150 fuerint;
1144 2077 1269 2154 quanta
1284 2058 1379 2132 in'eo
1394 2088 1473 2152 pro-

298 2178 440 2262 phetalis
462 2179 578 2262 gratia,
594 2188 720 2260 quanta
735 2176 871 2240 dialium
894 2174 1071 2239 efficientia
1085 2174 1245 2238 virtutum
1259 2193 1268 2251 3
1291 2181 1422 2255 quanta
1435 2182 1473 2237 et

297 2303 397 2366 quam
423 2281 576 2366 frequens
600 2302 676 2345 eum
700 2281 803 2344 divini
826 2280 960 2344 luminis
982 2278 1145 2342 claritudo
1160 2278 1193 2341 in
1209 2296 1308 2341 came
1332 2275 1472 2340 mortali

297 2387 406 2450 adhuc
421 2397 683 2451 commorantem
700 2384 966 2462 circumfulserit;
987 2404 1072 2466 quae,
1087 2382 1187 2446 etiam
1204 2389 1280 2465 post
1295 2400 1472 2464 egressum

297 2492 417 2553 animae
438 2492 480 2553 dc
501 2489 714 2553 tabernaculo
737 2488 883 2571 corporis
903 2488 1130 2564 sanctissimae,
1147 2485 1243 2549 sicuti
1262 2483 1472 2567 quibusdam

298 2595 411 2659 electis
422 2605 591 2658 ostensum
608 2595 748 2657 habetur
760 2605 976 2674 compertum,
989 2591 1098 2655 locum
1111 2591 1144 2654 in
1156 2610 1224 2674 quo
1235 2589 1339 2672 ipsius
1351 2599 1475 2653 sancta

192 2686 198 2697 ’
298 2708 440 2781 pausant
465 2719 540 2761 ossa
555 2718 660 2781 usque
684 2698 783 2760 hodie
799 2698 917 2759 eadem
942 2696 1086 2759 coelestis
1108 2694 1239 2759 claritas
1257 2691 1475 2775 frequentare

299 2823 365 2865 non
382 2814 497 2881 cessat,
513 2813 546 2866 et
562 2812 751 2865 sanctorum
768 2801 921 2883 frequens
936 2800 1082 2863 visitatio
1097 2797 1298 2882 angelorum.
1333 2797 1382 2861 Et
1398 2797 1475 2862 haec

298 2907 398 2970 etiam
426 2908 533 2970 eidem
562 2906 669 2970 beatae
697 2906 865 2968 memoriae
887 2905 957 2968 viro
979 2926 999 2967 a
1023 2904 1098 2967 Deo
1120 2922 1186 2966 non
1215 2901 1393 2966 mediocris
1420 2914 1475 2967 est

299 3010 419 3073 collata
442 3011 557 3092 gratia,
573 3031 639 3091 qua
656 3029 775 3071 nomen
800 3009 871 3090 ejus
888 3028 953 3071 non
971 3015 1101 3070 tantum
1118 3027 1176 3089 per
1196 3015 1301 3073 totam
1317 3016 1473 3070 nostram

300 3114 457 3189 Scotiam,
474 3123 506 3176 et
522 3115 670 3175 omnium
697 3114 799 3176 totius
822 3113 910 3174 orbis
934 3112 1114 3174 insularum
1131 3111 1313 3173 maximam
1337 3110 1475 3173 Britan-

299 3219 397 3293 niam,
413 3218 499 3280 clarc
511 3218 673 3298 divulgari
690 3218 878 3298 promeruit,
892 3218 923 3277 in
941 3217 1002 3278 hac
1019 3236 1120 3297 parva
1135 3227 1169 3279 et
1184 3224 1336 3277 extrema
1350 3217 1475 3278 oceani

301 3323 480 3384 Britannici
508 3333 732 3384 commoratus
759 3322 889 3399 insula;
912 3321 970 3383 sed
994 3320 1153 3382 etiamad
1177 3320 1341 3401 trigonam
1362 3339 1474 3401 usque

301 3426 509 3507 Hispaniam,
533 3435 566 3487 et
590 3424 723 3501 Gallias,
740 3434 774 3487 et
796 3424 881 3486 ultra
905 3422 1010 3505 Alpes
1039 3424 1180 3486 Peninas
1209 3423 1339 3486 ltaliam
1367 3423 1472 3486 sitam

299 3531 476 3611 pervenire,
492 3530 598 3610 ipsam
622 3549 754 3610 quoque
782 3529 969 3591 Romanam
993 3527 1171 3602 civitatem,
1194 3547 1268 3609 quae
1291 3537 1395 3608 caput
1419 3539 1474 3591 est

298 3634 446 3695 omnium
475 3634 653 3696 civitatum.
700 3633 829 3695 Tantus
856 3641 890 3695 et
917 3632 991 3695 talis
1018 3632 1123 3694 honor
1150 3631 1329 3695 noscibilis⁷
1356 3633 1473 3695 eidem

300 3738 433 3812 Sancto,
461 3738 545 3799 inter
575 3746 693 3799 caetera
720 3738 841 3799 divinae
868 3737 1057 3799 donationis
1088 3755 1232 3812 munera,
1258 3737 1475 3801 condonatus

299 3844 431 3904 scitura
448 3842 530 3918 De0‚
543 3843 598 3922 qui
616 3864 650 3903 se
666 3841 842 3923 diligentes
858 3850 956 3918 amat,
969 3850 1003 3903 et
1018 3842 1144 3922 eosqui
1159 3861 1234 3903 eum
1252 3839 1475 3921 magnificant

300 3947 452 4010 laudibus
477 3946 582 4028 magis
598 3966 636 4007 ac
653 3948 758 4026 magis
775 3945 971 4028 glorificans,
988 3946 1159 4008 immensis
1174 3944 1332 4008 sublimat
1347 3945 1473 4008 honor-

300 4053 382 4126 ibus,
397 4051 453 4131 qui
469 4060 519 4113 est
535 4050 728 4113 benedictus
745 4050 777 4111 in
794 4050 921 4112 saecula.
957 4049 1076 4111 Amen.

344 4155 491 4219 Obsecro
503 4176 559 4217 eos
572 4155 760 4237 quicunque
771 4154 935 4217 voluerint
947 4154 1007 4216 hos
1017 4153 1201 4217 describere
1213 4151 1350 4230 libellos,
1362 4153 1474 4218 immo

300 4261 409 4341 potius
433 4259 550 4340 adjuro
572 4279 630 4340 per
653 4258 831 4334 Christum,
844 4258 989 4340 judicem
1012 4257 1220 4334 saeculorum,
1235 4265 1272 4321 ut
1287 4266 1472 4339 postquam

299 4362 474 4442 diligenter
503 4361 744 4443 descripserint,
774 4360 955 4438 conferant,
986 4371 1020 4423 et
1051 4362 1238 4439 emendent,
1268 4380 1343 4424 cum
1374 4364 1473 4425 omni

721 4613 731 4648 ⁷
746 4601 777 4648 A.
792 4599 915 4659 uocibilis,
931 4600 957 4649 B.
974 4600 1041 4649 eon.
