3226 5520
222 516 262 584 52
730 500 875 571 VITA

217 705 381 772 abstrahis
409 707 573 792 pallium?
615 709 676 775 Ille
700 717 962 794 consequenter:
998 708 1134 789 Idcirco,
1163 707 1279 792 inquit,
1304 703 1383 790 quia

218 809 280 874 hoc
307 833 424 897 sagum
456 813 594 897 alicujus
623 823 674 880 est
709 823 778 879 tam
804 812 971 897 magnifici
997 813 1140 892 honoris,
1166 822 1204 876 ut
1234 809 1322 893 apud
1349 817 1384 872 te

218 914 341 980 diutius
390 918 521 983 retineri
565 939 631 983 non
675 920 787 1003 possit
856 919 986 1003 Quibus
1032 918 1139 997 dictis,
1187 915 1383 1000 praedictum

218 1019 354 1102 peplum
392 1022 509 1088 mulier
544 1022 705 1108 paulatim
742 1045 763 1087 a
799 1044 834 1088 se
875 1022 1022 1109 elongari
1059 1023 1203 1088 volando
1238 1017 1384 1096 videbat,

217 1143 477 1210 camporumque
513 1128 722 1193 latitudinem
768 1128 800 1192 in
846 1128 954 1212 majus
990 1126 1168 1193 crescendo
1211 1126 1385 1202 excedere,

219 1240 414 1314 montesque
440 1242 474 1296 et
497 1233 600 1296 saltus
624 1233 749 1316 majore
773 1233 822 1296 sui
846 1253 1001 1296 mensura
1018 1253 1180 1316 superare,
1202 1247 1383 1312 vocemque

217 1334 407 1418 hujusmodi
428 1337 665 1421 subsequutam
681 1338 849 1402 audierat:
871 1338 992 1401 Mulier
1003 1337 1070 1401 noli
1086 1335 1271 1400 contristari
1285 1356 1293 1413 ;
1312 1333 1383 1397 viro

217 1440 306 1502 enirn
334 1440 568 1504 matrimoniali
595 1441 720 1524 juncta,
744 1442 845 1505 talem
876 1440 979 1505 filium
1006 1441 1136 1506 editura
1158 1461 1194 1504 es
1220 1438 1373 1502 floridum

217 1545 282 1627 qui,
294 1546 388 1628 quasi
404 1566 489 1610 unus
513 1546 747 1629 prophetarum
766 1545 838 1623 Dei,
859 1546 944 1609 inter
959 1546 1049 1629 ipsos
1072 1541 1384 1621 connumerabitur;

217 1647 572 1732 innumerabiliumque
604 1650 677 1714 dux
706 1648 893 1713 animarum
923 1651 965 1712 ad
996 1648 1165 1713 coelestem
1196 1646 1337 1731 patriam
1363 1665 1384 1709 a

219 1752 293 1816 Deo
307 1763 358 1817 est
373 1754 634 1836 praedestinatus.
683 1753 721 1817 ln
734 1754 796 1818 hac
811 1774 892 1838 ergo
907 1753 1022 1818 audita
1037 1773 1118 1818 voce
1134 1752 1251 1817 mulier
1264 1769 1383 1835 exper-

217 1856 361 1940 giscitur.

651 2248 725 2316 CA
739 2250 764 2314 P
778 2249 855 2317 UT
893 2249 909 2312 1
924 2248 957 2314 1.

385 2436 505 2504 Globus
526 2437 614 2524 ignis
634 2448 767 2523 apparet
786 2450 886 2524 supra
911 2436 1070 2505 Columba
1081 2437 1227 2520 faciem.¹

218 2623 314 2688 PosT
337 2624 461 2689 editam
484 2644 617 2709 quoque
647 2623 773 2708 prolem
798 2623 888 2689 beati
917 2623 1010 2707 pueri
1032 2621 1174 2687 nutritor
1195 2620 1386 2706 spectabilis

216 2727 295 2792 vitae
323 2728 373 2792 vir
408 2730 582 2813 presbyter
619 2729 720 2793 missa
757 2727 851 2793 finita
886 2728 930 2793 ab
961 2727 1099 2821 ecclesia
1129 2727 1172 2791 ad
1202 2725 1384 2810 hospitium

217 2851 365 2896 reversus
391 2840 497 2897 totam
522 2832 648 2898 invenit
674 2831 812 2897 domum
837 2851 932 2897 suam
958 2831 1048 2896 clara
1073 2830 1263 2895 irradiatam
1290 2828 1384 2894 luce:

217 2933 354 3018 globum
370 2935 493 3020 quippe
505 2937 639 3020 igneum
655 2956 754 3020 super
764 2937 891 3020 pueruli
903 2935 1097 3002 dormientis
1108 2933 1227 2999 faciem
1238 2943 1384 2999 stantem

217 3037 308 3102 vidit.
363 3037 441 3120 Quo
466 3038 538 3103 viso
564 3039 677 3103 statim
704 3038 896 3118 intremuit;
925 3048 967 3115 et,
993 3045 1159 3121 prostrata
1183 3056 1320 3119 corpore
1349 3035 1384 3099 in

218 3150 338 3205 terram
362 3142 508 3221 miratus,
535 3142 677 3227 Spiritus
704 3142 818 3209 Sancti
834 3143 975 3226 gratiam
998 3161 1097 3226 super
1118 3160 1194 3205 eum
1219 3139 1386 3205 intellexit

217 3245 348 3310 coelitus
363 3244 510 3312 effusam.

635 3644 839 3711 CAPUT
878 3645 966 3709 lII.

609 3834 757 3919 Angelus
779 3857 878 3900 comes
903 3839 994 3922 ejus.²

219 4015 388 4101 QUODAM
425 4038 570 4103 namque
596 4030 746 4106 tempore
772 4024 823 4089 vir
848 4036 982 4090 sanctus
1012 4037 1164 4091 sanctum
1191 4026 1384 4110 episcopum

219 4121 441 4201 Finnianum,³
469 4144 566 4189 suum
600 4128 804 4212 magistrum,
831 4129 963 4212 juvenis
1000 4150 1113 4194 senem
1143 4131 1246 4196 adiit:
1283 4150 1384 4213 quem

251 4353 260 4381 ¹
274 4339 409 4391 Adamnan
422 4340 485 4402 ΙΙΙ,
499 4354 522 4393 a.
771 4344 858 4395 albid
874 4345 925 4396 111.
939 4360 964 4408 4.

251 4422 409 4473 ³Finnianus
420 4422 561 4491 Episcopus
572 4424 705 4476 Clonardae
715 4425 742 4476 in
752 4425 876 4478 Hibernia
887 4427 934 4478 fuir
944 4428 982 4478 vir
992 4429 1090 4480 doctus.
1114 4428 1228 4481 Decessit
1238 4429 1308 4480 A.D.
1324 4438 1338 4493 5
1341 4441 1380 4493 52.

223 4505 303 4556 Ware.
323 4506 414 4571 Sm'pr.
437 4507 498 4558 1155.
520 4524 546 4572 p.
570 4508 788 4560 wemmam
823 4509 880 4560 'lbe
899 4511 997 4562 Annals
1013 4511 1043 4562 ol
1057 4511 1142 4564 Ulster
1158 4512 1245 4564 record
1256 4511 1295 4563 his
1306 4512 1383 4562 deatb

217 4588 296 4639 under
308 4588 363 4654 548.
399 4590 430 4640 ln
441 4590 484 4641 tbe
495 4590 619 4643 calendar
630 4591 662 4642 be
673 4592 694 4642 is
704 4593 916 4645 commemorated
929 4602 956 4646 at
968 4595 1028 4646 Dec
1052 4606 1089 4647 ta
