3226 5520
289 474 350 541 160
573 474 719 540 VITA
759 470 1065 540 lI.-LIBER
1103 470 1159 539 ll.

284 680 318 743 in
334 681 444 760 ignem
468 681 614 764 projecit
660 681 706 746 Et
720 689 806 763 post,
821 682 915 766 quasi
937 702 1007 748 suae
1021 680 1227 766 paupertatis
1241 679 1366 746 amisso
1380 696 1451 742 nou

285 783 442 848 mediocri
466 783 594 863 solatio,
608 784 840 864 remendicare,
855 794 893 851 ut
915 786 1059 863 meritus,
1075 785 1186 868 coepit
1241 782 1344 869 Quod
1357 781 1451 847 vide·

284 885 361 952 licet
377 889 523 971 penuriae
547 908 655 953 rerum
681 888 830 953 solamen
852 909 942 972 saepe
957 889 1106 973 superius
1120 888 1154 952 in
1169 908 1249 954 veru
1264 894 1453 952 memorato

283 992 502 1075 dependebat,
517 994 607 1077 quod
623 1013 683 1075 pro
706 993 839 1076 pedicis,
855 1002 888 1057 et
903 994 1036 1071 retibus,
1051 1002 1085 1058 et
1099 992 1191 1058 omni
1214 991 1402 1057 venationis
1417 997 1454 1054 et

283 1097 474 1178 piscationis
489 1118 610 1180 genere
625 1106 789 1162 servatum
809 1108 921 1180 posset
936 1097 1092 1177 sufficere,
1107 1097 1196 1163 beati
1211 1097 1271 1162 viri
1285 1096 1452 1162 donatum

283 1198 523 1279 benedictione,
538 1201 695 1284 quodque
717 1201 876 1265 amissum
893 1203 990 1266 miser
1013 1201 1170 1284 plebeius,
1184 1220 1226 1265 eo
1240 1200 1366 1265 ditatus
1388 1218 1453 1283 pro

283 1311 441 1387 tempore,
457 1305 527 1387 ipse
541 1325 617 1369 cum
641 1315 713 1370 tota
727 1305 893 1383 familiola,
909 1326 982 1371 sero
1000 1304 1085 1384 licet,
1100 1306 1256 1371 omnibus
1270 1305 1313 1369 de
1327 1313 1453 1368 caetero

284 1407 460 1491 deplanxit
475 1408 608 1492 reliquis
626 1410 743 1474 diebus
757 1410 845 1475 vitae.

608 1845 808 1914 CAPUT
847 1845 1124 1912 XXXVIII.

283 2051 335 2118 Dc
353 2053 488 2121 hctan'o
513 2063 585 2119 utre
609 2075 702 2140 quem
723 2053 846 2118 salacia
869 2052 1004 2118 abstulit
1024 2051 1115 2117 unda
1134 2060 1168 2117 et
1186 2050 1309 2117 versilis
1329 2051 1454 2117 ίτιηικι

606 2156 846 2241 representavit
866 2157 901 2220 in
921 2155 1033 2242 priore
1054 2155 1124 2222 loco.

283 2341 382 2409 A1.10
397 2345 431 2408 in
454 2354 612 2430 tempore,
627 2344 715 2409 beati
740 2345 868 2429 legatus
890 2344 959 2422 viri,
976 2343 1149 2428 Lugaidus
1168 2342 1311 2421 nomIne,
1325 2362 1454 2428 cogno·

285 2457 398 2512 mento
424 2447 577 2526 Laitirus,
597 2449 640 2512 ad
665 2448 812 2515 Scotiam
837 2449 948 2532 jussus
971 2449 1127 2531 navigare
1152 2466 1349 2531 proponens,
1364 2449 1456 2514 inter

283 2550 414 2616 navalia
440 2553 532 2617 navis
557 2553 672 2619 Sancti
699 2553 920 2618 instrumenta
943 2561 1050 2618 utrem
1078 2553 1250 2617 lactarium
1270 2553 1453 2636 quesitum

283 2656 462 2736 Inveniens,
477 2658 540 2722 sub
560 2659 653 2735 mari,
668 2658 835 2741 congestis
857 2677 956 2742 super
970 2676 1047 2722 eum
1063 2676 1130 2721 non
1149 2655 1258 2740 parvis
1273 2656 1454 2740 lapidibus,

284 2760 572 2827 madefaciendum
593 2763 705 2846 posuit
718 2783 726 2841 ;
748 2762 950 2844 veniensque
973 2762 1016 2826 ad
1033 2759 1195 2827 Sanctum
1209 2761 1301 2844 quod
1315 2762 1360 2825 de
1374 2770 1451 2827 utre

284 2864 371 2943 fecit,
392 2865 564 2931 intimavit
610 2866 677 2951 Qui
701 2865 875 2931 subridens
897 2866 1027 2948 inquit:
1057 2863 1152 2943 Uter,
1173 2882 1273 2949 quern
1295 2872 1336 2929 ut
1357 2864 1454 2945 dicis,

284 2970 346 3034 sub
361 2970 458 3035 undis
482 2969 630 3052 posuisti,
646 2971 708 3034 hac
722 2969 803 3048 vice,
818 2977 854 3034 ut
877 2969 1016 3047 aestImo,
1032 2987 1098 3032 non
1121 2977 1156 3033 te
1181 2968 1224 3032 ad
1250 2967 1451 3033 Hiberniam

284 3074 502 3137 comitabitur.
564 3073 638 3150 Cur,
668 3074 724 3151 ait,
754 3093 819 3136 non
851 3093 982 3137 mecum
1012 3073 1045 3135 in
1080 3073 1156 3136 navi
1186 3072 1341 3136 comitem
1372 3094 1451 3138 eum

283 3176 405 3241 habere
420 3184 560 3260 potero?
598 3178 758 3243 Sanctus:
781 3176 906 3253 Altera,
922 3175 1038 3258 inquit,
1053 3177 1107 3239 die
1122 3176 1212 3259 quod
1228 3195 1279 3239 res
1294 3176 1452 3258 probabit

283 3280 373 3344 scies.
421 3282 538 3363 ltaque
555 3282 726 3364 Lugaidus
750 3301 848 3345 mane
870 3291 1003 3363 postera
1018 3281 1072 3344 die
1094 3281 1137 3345 ad
1156 3279 1391 3344 retrahendum
1407 3283 1451 3346 de

285 3385 366 3446 mari
382 3394 488 3446 utrem
505 3385 613 3467 pergit
628 3406 635 3462 ;
659 3404 758 3467 quem
780 3394 892 3448 tamen
909 3384 1031 3447 salacia
1054 3394 1153 3448 noctu
1169 3383 1336 3449 subtraxit
1350 3387 1451 3451 unda

284 3486 362 3569 Quo
378 3507 444 3549 non
468 3499 608 3570 reperto,
624 3489 666 3552 ad
691 3488 850 3554 Sanctum
868 3508 1016 3551 reversus
1031 3488 1143 3563 tristis,
1159 3486 1255 3551 flexis
1277 3488 1311 3551 in
1327 3497 1450 3553 terram

284 3590 432 3674 genibus,
447 3611 541 3655 suam
558 3591 727 3656 confessus
742 3602 793 3655 est
809 3591 1053 3674 negligentiam.
1100 3591 1162 3656 Cui
1186 3591 1337 3670 Sanctus,
1354 3592 1450 3657 illum

284 3694 482 3773 consolatus,
508 3697 576 3760 ait:
609 3696 686 3759 Noli
711 3695 811 3760 frater
834 3716 895 3778 pro
921 3694 1091 3779 fragilibus
1117 3696 1302 3761 contristari
1331 3698 1452 3777 rebus;

284 3808 357 3864 uter
383 3818 482 3880 quem
508 3799 629 3863 salacia
653 3799 785 3863 sustulit
809 3799 907 3877 unda,
923 3801 965 3863 ad
993 3819 1088 3863 suurn
1114 3799 1232 3879 locum,
1255 3809 1332 3882 post
1353 3810 1450 3866 tuum

283 3923 461 3986 egressum,
477 3902 657 3986 reportabit
672 3903 799 3967 venilia.
847 3903 974 3966 Eadem
991 3903 1045 3967 die
1060 3913 1136 3986 post
1153 3904 1295 3987 Lugaidi
1306 3903 1350 3968 de
1367 3903 1452 3970 Iona

285 4007 391 4072 insula
420 4008 682 4090 emigrationem,
708 4006 789 4071 hora
816 4016 982 4072 transacta
1012 4027 1108 4085 nona,
1139 4007 1283 4074 Sanctus
1311 4008 1451 4074 circum-

284 4112 449 4177 stantibus
477 4112 523 4174 sic
554 4110 711 4194 profatus,
741 4113 808 4175 ait:
847 4111 945 4175 Nunc
972 4132 1016 4175 ex
1043 4111 1137 4176 vobis
1163 4130 1248 4176 unus
1270 4111 1313 4175 ad
1336 4132 1452 4197 aequor

284 4226 420 4301 pergat;
443 4225 559 4291 utrem,
576 4217 618 4279 de
636 4235 703 4297 quo
727 4214 897 4297 Lugaidus
920 4215 1127 4296 querebatur,
1149 4224 1183 4279 et
1205 4235 1303 4299 quem
1328 4216 1453 4283 salacia

283 4319 461 4385 sustulerat
504 4318 602 4395 unda,
647 4337 735 4380 nunc
775 4318 896 4381 venilia
944 4317 1121 4392 retrahens,
1166 4319 1198 4381 in
1244 4319 1317 4382 loco
1360 4323 1452 4387 unde

284 4423 470 4489 subtractus
508 4432 566 4500 est,
601 4422 857 4504 repraesentavit.
919 4422 996 4507 Quo
1034 4422 1150 4489 Sancti
1187 4424 1301 4488 audito
1337 4427 1452 4506 verbe,

283 4528 419 4612 quidam
443 4525 552 4589 alacer
572 4525 703 4608 juvenis
728 4526 771 4589 ad
798 4545 890 4590 oram
915 4528 1056 4592 cucurrit
1083 4527 1193 4604 maris,
1216 4537 1452 4615 repertumque
