3226 5520
507 1084 717 1159 INCIPIT
747 1085 977 1160 TEXTUS
1006 1085 1201 1160 TERTII
1235 1086 1398 1161 LIBRI.

564 1289 639 1363 DE
669 1289 976 1364 ANGELICIS
1004 1288 1344 1364 VISIONIBUS.

819 1764 1022 1832 CAPUT
1063 1766 1090 1828 I.

368 1985 420 2050 De
440 1986 552 2071 angelo
573 1986 714 2051 Domini
731 1988 792 2070 qui
810 1991 880 2071 ejus
896 1987 1056 2071 genetrici
1076 1987 1111 2051 in
1133 1985 1256 2050 somnis
1274 1995 1352 2070 post
1377 1984 1483 2068 ipsius
1503 1985 1542 2049 in

693 2100 782 2156 utero
802 2093 1035 2174 conceptionem,
1056 2090 1219 2174 apparuit.

372 2295 385 2356 I
391 2310 415 2358 N
434 2296 544 2358 Primo
560 2315 604 2358 ex
620 2295 671 2359 his
694 2296 798 2359 tribus
821 2294 939 2359 libellis
963 2295 1054 2371 libro,
1070 2304 1107 2359 ut
1130 2294 1280 2379 superius
1298 2313 1541 2358 commemora-

369 2406 441 2461 tum
479 2406 540 2474 est,
569 2398 612 2462 de
650 2399 855 2481 Propheticis
893 2398 1165 2463 RevelationIbus
1202 2401 1357 2482 quaedam
1397 2397 1543 2462 breviter

369 2502 608 2585 succincteque,
635 2502 784 2566 Domino
810 2513 962 2581 navante‚
988 2505 1154 2586 descripta
1181 2513 1266 2567 sunt
1312 2502 1353 2566 In
1380 2501 1542 2567 Secundo

368 2607 544 2688 superiore,
567 2606 609 2668 de
632 2606 803 2669 Virtutum
831 2605 1007 2682 Miraculis,
1030 2627 1105 2688 quae
1130 2626 1188 2688 per
1210 2605 1344 2669 beatum
1368 2605 1541 2668 declarata

369 2718 447 2772 sunt
462 2710 577 2786 virum,
593 2719 626 2772 et
646 2730 729 2792 quae,
745 2719 782 2772 ut
805 2729 895 2792 saepe
918 2710 1044 2773 dictum
1067 2719 1127 2786 est,
1142 2710 1338 2792 plerumque
1360 2708 1541 2791 propheta-

370 2813 471 2876 tionis
501 2814 678 2877 comitatur
707 2813 821 2895 gratia
869 2813 908 2876 In
938 2814 1001 2877 hoc
1031 2834 1109 2877 vero
1139 2814 1264 2891 Tertio,
1294 2814 1336 2878 de
1366 2812 1543 2894 AngelicIs

372 2915 658 2999 Apparitionibus,
674 2937 749 2998 quae
772 2917 823 2980 vel
848 2918 921 2980 aliis
945 2917 988 2981 de
1011 2916 1110 2981 beato
1136 2917 1215 2997 viro,
1229 2915 1282 2980 vel
1305 2917 1368 3000 ipsi
1391 2918 1434 2981 de
1456 2916 1543 2994 aliis,

370 3020 524 3084 revelatae
554 3031 639 3084 sunt
687 3022 732 3085 Et
757 3023 800 3086 de
825 3021 885 3098 his,
910 3042 985 3103 quae
1010 3034 1159 3103 utroque,
1184 3020 1367 3104 quamlibet
1391 3021 1542 3103 disparili

371 3126 481 3202 modu,
496 3126 559 3187 hoc
575 3136 634 3201 est,
650 3125 711 3208 ipsi
739 3127 869 3208 proprie
896 3136 930 3189 et
956 3125 1094 3208 plenIus‚
1110 3126 1182 3189 aliis
1202 3145 1280 3190 vero
1303 3125 1492 3208 Improprie,
1508 3135 1543 3189 et

370 3251 414 3292 ex
442 3231 586 3312 quadam
615 3240 716 3312 parte,
742 3239 820 3293 sunt
849 3229 1078 3308 manifestatae,
1105 3231 1167 3293 hoc
1194 3240 1243 3294 est
1273 3230 1480 3293 extrinsecus
1508 3239 1543 3293 et

370 3333 587 3414 explorative,
621 3334 653 3395 in
691 3335 808 3396 iisdem
840 3344 961 3411 tamen,
992 3334 1043 3399 vel
1081 3336 1275 3417 angelorum
1306 3333 1357 3398 vel
1395 3334 1543 3397 coelestis

370 3438 550 3499 visionibus
566 3438 669 3500 lucis:
692 3459 768 3520 quae
785 3440 898 3520 utique
914 3440 1029 3503 talium
1047 3440 1278 3522 discrepantiae
1290 3439 1453 3502 visionum
1472 3439 1542 3502 suis

370 3551 554 3603 carraxatae
578 3541 658 3604 Iocis
681 3542 815 3606 inferius
838 3542 1018 3607 clarebunt.
1066 3545 1132 3609 Sed
1150 3564 1248 3620 nunc,
1263 3553 1300 3607 ut
1315 3563 1334 3606 a
1351 3542 1543 3624 primordiis

370 3643 458 3707 beati
476 3645 657 3708 nativitatis
680 3647 739 3709 viri
756 3648 890 3710 easdem
916 3646 1100 3710 describere
1125 3646 1292 3729 angelicas
1316 3645 1543 3728 apparitiones

369 3748 575 3831 incipiamus.

370 3851 555 3916 ANGELUS
573 3854 721 3916 Domini¹
738 3854 769 3916 In
787 3855 913 3917 somnis
928 3854 1099 3938 genetrici²
1113 3853 1309 3918 venerabilis
1320 3852 1379 3916 viri
1392 3854 1542 3935 quadam

370 3967 468 4021 nocte
495 3958 579 4021 inter
602 3969 799 4041 conceptum
828 3959 899 4041 ejus
924 3968 957 4022 et
981 3969 1113 4042 partum
1141 3958 1304 4041 apparuit,
1326 3957 1422 4040 elque
1445 3959 1544 4039 quasi

404 4218 412 4244 ¹
428 4207 466 4257 CI.
479 4208 521 4256 the
534 4208 588 4258 Lise
602 4211 633 4274 by
643 4211 785 4271 Cummian,
796 4212 859 4260 from
870 4213 950 4262 whlch
964 4214 1006 4262 the
1019 4214 1099 4262 whole
1109 4213 1136 4260 ol
1146 4212 1195 4261 this
1206 4212 1272 4261 book
1284 4210 1343 4259 with
1355 4209 1398 4259 the
1407 4210 1544 4274 exception

369 4289 399 4338 ol
415 4298 465 4339 two
487 4290 602 4354 chapters
625 4292 670 4340 has
692 4293 755 4341 been
780 4294 937 4343 transferred.
984 4295 1040 4343 The
1069 4293 1192 4343 narrative
1214 4293 1260 4342 has
1281 4292 1344 4341 been
1367 4291 1545 4357 considembty

369 4372 495 4436 enlarged,
515 4373 558 4422 but
575 4373 617 4423 the
634 4374 707 4424 order
724 4375 753 4424 ol
769 4383 855 4425 events
873 4377 893 4425 is
913 4377 1033 4426 observed
1052 4377 1102 4425 and
1119 4377 1187 4425 osten
1205 4377 1248 4425 the
1264 4374 1327 4424 form
1344 4373 1373 4423 ol
1386 4375 1541 4438 expression.

369 4455 424 4503 The
436 4462 488 4504 text
500 4456 653 4519 approaches
665 4472 751 4507 nearer
765 4466 791 4507 to
804 4458 948 4508 Mabillon's
960 4459 1021 4508 than
1035 4469 1061 4508 to
1073 4457 1197 4522 Colgan's.

402 4552 412 4574 ‘³
428 4538 527 4595 Eithne,
543 4538 631 4596 called,
647 4538 671 4587 in
688 4539 761 4588 LnIIn
775 4540 846 4594 form.
861 4542 975 4590 Aethnea
989 4542 1013 4588 in
1028 4542 1091 4590 Prel.
1109 4554 1131 4589 2.
