3232 5506
224 486 285 564 146
509 481 655 545 vrrn
694 480 1000 547 11.-uruau
1039 481 1095 544 11.

220 687 309 751 Tum
325 688 463 769 proinde
479 687 630 761 Sanctus,
645 686 782 767 expleta
796 688 956 761 oratione,
969 687 1013 747 ad
1035 685 1162 748 aridam
1177 703 1334 759 reversus,
1349 683 1383 744 in

220 790 437 855 eminentiore
463 809 539 854 cum
564 788 740 854 comitibus
763 789 857 853 sedet
881 787 978 865 loco;
999 789 1044 853 ad
1069 807 1154 871 quos
1177 787 1234 852 illa
1253 788 1286 850 in
1302 785 1385 850 hora

220 894 441 959 formidabilia
476 894 573 959 valde
610 892 733 976 profert
768 893 877 970 verba,
906 892 1041 956 dicens:
1087 893 1153 956 IIic
1190 891 1385 955 miserabilis

220 999 406 1074 homuncio,
428 999 484 1081 qui
508 998 676 1065 Christum
700 997 733 1060 in
757 998 824 1060 suis
847 998 996 1079 dispexit
1018 998 1127 1072 servis,
1143 997 1185 1060 ad
1206 1006 1349 1079 portum,
1364 1015 1386 1056 a

220 1123 287 1185 quo
312 1122 418 1186 nuper
442 1122 554 1166 coram
580 1102 675 1165 vobis
700 1102 882 1184 emigravit,
905 1121 1075 1183 nunquam
1098 1109 1300 1177 revertetur;
1325 1097 1385 1162 sed

221 1226 281 1269 nec
298 1208 339 1270 ad
356 1207 448 1282 alias
463 1227 546 1289 quas
564 1205 699 1289 appetit,
715 1213 818 1269 terras
842 1205 952 1269 subita
975 1213 1163 1287 praeventus
1179 1213 1293 1280 morte,
1308 1222 1385 1265 curn

220 1311 288 1375 suis
303 1312 471 1393 perveniet
495 1311 590 1374 malis
605 1309 880 1392 cooperatoribus
939 1309 1061 1386 Hodie,
1075 1329 1176 1391 quam
1197 1328 1280 1371 mox
1293 1306 1387 1370 vide·

220 1415 306 1489 bitis,
322 1415 365 1479 de
380 1414 467 1479 nube
481 1435 502 1477 a
517 1414 617 1478 borea
632 1422 706 1477 orta
727 1412 865 1477 immitis
888 1413 1036 1477 immissa
1058 1412 1203 1496 procella
1217 1432 1293 1475 eum
1308 1431 1386 1474 cum

222 1517 318 1580 sociis
333 1516 546 1599 submerget;
570 1537 629 1580 nec
654 1515 696 1579 de
711 1517 759 1579 eis
770 1516 871 1580 etiam
896 1536 982 1580 unus
1007 1516 1190 1581 remanebit
1213 1514 1387 1580 fabulator.

223 1621 303 1684 Post
317 1619 524 1703 aliquantum
541 1619 756 1703 paucularum
778 1620 1000 1685 interventum
1017 1641 1194 1697 morarum,
1208 1621 1263 1684 die
1278 1639 1388 1683 seren·

221 1725 342 1802 issima,
367 1735 400 1788 et
427 1745 503 1788 ecce
524 1725 567 1787 de
590 1723 672 1787 mari
694 1722 820 1803 oborta,
843 1725 927 1788 sicut
949 1724 1092 1790 Sanctus
1114 1725 1255 1801 dixerat,
1271 1722 1389 1800 nubes,

221 1847 297 1891 curn
325 1848 448 1910 magno
471 1827 599 1910 fragore
624 1827 714 1890 venti
737 1827 866 1902 emissa,
883 1838 1048 1911 raptorem
1070 1848 1145 1892 cum
1172 1827 1286 1910 praeda
1301 1825 1389 1890 inter

223 1930 369 1996 Maleam
385 1941 419 1996 et
434 1932 592 1998 Colosum
608 1930 731 1995 insulas
747 1932 926 2008 inveniens,
939 1932 1050 1997 subito
1061 1932 1195 1996 turbato
1210 1930 1390 1995 submersit

223 2037 333 2101 medio
349 2037 430 2100 mari
446 2061 452 2100 :
476 2056 535 2099 nec
550 2057 595 2100 ex
611 2037 668 2112 eis,
680 2035 780 2119 juxta
800 2036 937 2101 verbum
954 2035 1078 2114 Sancti,
1093 2036 1149 2119 qui
1166 2036 1241 2099 navi
1257 2035 1390 2099 inerant

222 2141 322 2205 etiam
347 2161 433 2206 unus
456 2141 583 2218 evasit;
606 2141 791 2223 mirumque
814 2141 847 2203 in
873 2140 1020 2220 modurn,
1035 2148 1108 2205 toto
1131 2140 1391 2222 circumquaque

223 2255 379 2308 manente
403 2244 581 2328 tranquillo
604 2265 744 2327 aequore,
760 2244 837 2308 talis
861 2265 927 2308 una
952 2265 1087 2328 rapaces
1109 2244 1152 2308 ad
1168 2242 1295 2311 inferna
1310 2243 1390 2307 sub·

223 2367 347 2413 mersos
363 2349 540 2433 prostravit
555 2348 708 2433 procella,
723 2347 840 2415 misere
855 2349 1000 2431 quidem,
1015 2349 1072 2413 sed
1088 2349 1196 2434 digne

599 2769 800 2836 CAPUT
839 2771 1012 2836 XXIII.

281 2959 333 3022 De
355 2958 492 3041 alicujus
515 2957 696 3022 Feradaclti
717 2968 823 3035 morte,
838 2959 1052 3040 fraudulenti
1073 2958 1142 3023 viri
1161 2979 1182 3022 a
1208 2957 1328 3023 Sancto

676 3065 921 3145 pronunciata.¹

225 3249 322 3313 Auro
351 3269 484 3332 quoque
513 3250 545 3313 in
577 3259 734 3333 tempore,
764 3251 813 3313 vir
846 3260 979 3315 sanctus
1017 3251 1183 3333 quendam
1213 3250 1256 3312 de
1286 3248 1391 3311 nobili

227 3353 390 3416 Pictorum
405 3374 524 3435 genere
535 3355 679 3430 exulem,
691 3355 885 3418 Tarainum²
900 3355 1042 3431 nomine,
1054 3356 1086 3417 in
1103 3373 1238 3417 manum
1251 3351 1391 3434 alicuius

226 3457 406 3521 Feradachi
434 3457 511 3521 ditis
533 3459 602 3535 viri,
625 3459 681 3540 qui
709 3459 741 3521 in
772 3459 839 3522 Ilea
867 3458 986 3522 insula³
1011 3457 1191 3534 habitabat,
1214 3456 1392 3537 diligenter

223 3561 395 3642 assignans
425 3564 679 3639 commendavit,
706 3573 743 3627 ut
767 3563 800 3625 in
827 3563 897 3645 ejus
922 3562 1090 3638 comitatu,
1116 3561 1209 3643 quasi
1235 3580 1320 3624 unus
1346 3561 1391 3623 de

224 3665 347 3740 amicis,
377 3685 434 3746 per
464 3665 590 3745 aliquot
621 3687 750 3730 menses
783 3677 1036 3730 conversaretur.
1084 3664 1192 3748 Quem
1223 3684 1298 3727 cum
1331 3664 1390 3726 tali

223 3770 513 3832 commendatione
528 3770 570 3832 de
586 3772 690 3835 sancti
708 3792 807 3834 manu
823 3772 883 3834 viri
900 3771 1096 3853 suscepisset
1112 3770 1391 3843 commendatum,

224 3883 299 3955 post
316 3894 438 3955 paucos
453 3874 532 3949 dics,
548 3874 662 3937 dolose
678 3896 788 3958 agenS,
804 3874 926 3938 crudeli
946 3896 1021 3937 eum
1042 3873 1190 3956 jussione
1206 3871 1390 3936 trucidavit„

225 3975 325 4058 Quod
364 3977 508 4040 immane
547 3978 653 4041 scelus
690 4000 764 4042 cum
805 3980 929 4044 Sancto
959 3999 978 4041 a
1008 3977 1270 4041 commeantibus
1303 3985 1392 4040 esset

224 4081 425 4158 nunciatum,
452 4083 497 4144 sic
525 4084 727 4164 respondens
754 4083 902 4165 profatus
928 4093 999 4146 est:
1023 4084 1100 4146 Non
1126 4082 1204 4144 mihi
1231 4083 1287 4145 sed
1316 4080 1393 4143 Deo

258 4346 265 4372 ¹
283 4333 310 4383 B.
326 4334 394 4383 cort.
429 4333 484 4383 The
497 4331 551 4383 title
563 4332 588 4381 in
601 4333 632 4382 A.
649 4333 669 4382 is
689 4334 755 4382 “De
766 4333 875 4398 quodam
890 4332 1034 4383 Feradacho
1045 4331 1127 4382 subita
1139 4337 1218 4382 morte
1229 4329 1384 4381 subtracto'*

257 4431 267 4455 2
282 4415 337 4465 The
350 4432 422 4465 nome
434 4415 526 4466 Turain
539 4432 624 4466 occurs
636 4416 698 4465 later
710 4416 735 4465 in
748 4415 790 4466 the
803 4416 952 4480 Catalogues
964 4416 993 4465 ol
1002 4414 1096 4465 Pictish
1109 4415 1197 4478 KIngs.
1234 4414 1282 4463 See
1296 4413 1389 4464 Chron.

223 4498 252 4556 of
261 4499 326 4548 l'r'cts
337 4499 391 4547 and
399 4501 472 4559 Scoh,
488 4515 521 4564 pp
544 4498 594 4560 6-7,
611 4510 692 4562 27·29,
708 4506 768 4558 etc.;
785 4500 838 4549 also
850 4500 894 4549 Dr.
911 4496 1014 4549 Reeves‘
1025 4499 1147 4556 Adatha..
1162 4514 1186 4561 p.
1203 4509 1255 4560 134

258 4581 356 4645 alslay.
