3226 5520
649 469 912 537 NlNIANI.
1318 485 1361 548 29

192 675 304 740 cuncti
320 675 431 759 sopori
447 674 626 751 dedissent,
642 673 729 738 sures
745 673 912 753 advolant,
927 673 1144 757 videntesque
1164 692 1285 757 pecora
1299 691 1360 736 nec

194 779 321 843 inclusa
338 781 488 856 maceria,
504 800 563 843 nec
586 801 675 862 saepe
699 781 836 856 munita,
858 800 917 842 nec
942 779 1147 842 circumdata
1169 777 1279 856 vallo;
1301 797 1361 840 ex-

193 882 326 965 plorant
337 884 363 947 si
376 885 426 948 vel
441 885 595 947 adessent
608 884 732 966 vigiles,
745 884 794 946 vei
806 883 885 966 quid
899 882 987 946 aliud
1001 883 1090 965 quod
1101 902 1213 946 eorum
1227 880 1361 944 conatui

193 988 384 1052 obstitisset
430 988 583 1071 Cumque
598 988 747 1051 viderent
763 986 857 1050 silere
872 986 994 1065 omnia,
1008 1006 1067 1048 nec
1081 1006 1169 1063 voce,
1183 1005 1242 1049 nec
1259 995 1361 1062 motu,

194 1110 255 1153 nec
277 1090 398 1155 latratu
422 1093 557 1175 quidem
581 1091 704 1173 aliquid
729 1092 818 1173 quod
843 1100 977 1154 terreret
1001 1090 1131 1168 instare,
1153 1100 1362 1155 transeuntes

196 1204 301 1257 metas
313 1216 397 1278 quas
410 1194 553 1260 Sanctus
566 1194 755 1277 praetixerat
769 1195 800 1256 in
815 1215 915 1276 pecus
929 1195 1063 1271 irruunt,
1075 1194 1187 1256 omnia
1199 1193 1362 1257 abducere

196 1297 392 1363 laborantes.
457 1298 524 1364 Sed
567 1296 661 1362 afluit
697 1299 746 1361 vis
783 1299 896 1361 divina
933 1299 1087 1362 resistens
1122 1299 1228 1381 inpiis,
1259 1298 1362 1361 immo

196 1403 339 1466 obruens
362 1404 478 1486 inpios,
493 1414 609 1466 contra
631 1424 688 1466 eos
711 1403 778 1485 qui,
799 1403 888 1466 velut
911 1402 1009 1467 bruta
1031 1402 1197 1478 animalia,
1215 1412 1360 1465 mentem

197 1526 262 1569 non
301 1506 455 1570 colebant
492 1507 549 1570 sed
589 1517 747 1583 ventrem,
778 1528 837 1589 pro
875 1508 1094 1570 instrumento
1131 1507 1229 1570 bruto
1266 1515 1363 1570 utens

125 1624 126 1628 ’
192 1610 355 1693 jumento.
411 1611 542 1675 Taurus
564 1612 652 1674 enim
676 1611 902 1688 armentarius,
918 1612 1011 1694 quasi
1034 1612 1066 1673 in
1084 1609 1224 1674 furorem
1241 1631 1363 1687 versus,

196 1715 324 1778 invadit
354 1715 514 1792 homines,
545 1715 777 1797 latronumque
814 1716 996 1799 principem
1034 1716 1117 1778 inter
1147 1724 1284 1777 caeteros
1315 1714 1363 1776 in·

195 1829 313 1901 petens
329 1820 507 1901 prostravit
531 1820 696 1896 miserum,
711 1820 867 1884 cornibus
881 1829 1030 1884 ventrem
1047 1818 1199 1902 perforat,
1215 1818 1362 1881 animam

196 1921 294 1986 simul
328 1943 403 1988 cum
446 1923 625 1988 visceribus
661 1923 843 1987 excutiens.
904 1922 1036 1986 Deinde
1073 1932 1194 1986 terram
1232 1922 1364 2005 ungulis

196 2024 334 2103 fodiens,
351 2027 492 2091 mirabili
509 2028 634 2110 impetu
657 2048 778 2092 saxum
795 2028 883 2110 quod
908 2028 1078 2091 invenerat
1106 2029 1190 2109 pede
1214 2027 1365 2110 percutit,

197 2150 235 2194 ac
257 2131 376 2196 mirum
401 2131 433 2195 in
450 2133 588 2196 modum
613 2133 645 2195 in
670 2133 755 2196 tanti
779 2132 926 2195 miraculi
953 2131 1189 2209 testimonium,
1214 2131 1308 2214 quasi
1331 2130 1364 2194 in

198 2234 291 2298 molli
306 2255 389 2313 cera,
402 2235 435 2298 in
452 2235 562 2319 lapide
579 2257 638 2319 pes
651 2237 818 2319 mergitur,
828 2237 1015 2319 relinquens
1028 2237 1060 2298 in
1073 2247 1167 2319 petra
1179 2235 1366 2317 vestigium,

197 2348 231 2402 et
247 2340 290 2402 ob
305 2339 482 2423 vestigium
500 2340 573 2402 loco
585 2360 705 2403 nomen
722 2342 908 2424 designans.
950 2341 1072 2405 Adhuc
1084 2341 1172 2404 enim
1189 2340 1259 2423 ipse
1276 2340 1366 2404 locus

198 2442 327 2526 anglice
344 2444 460 2507 Farres
477 2442 578 2521 Last,¹
594 2443 695 2508 latine
717 2443 819 2506 Tauri
835 2443 1034 2527 Vestigium,
1050 2453 1265 2526 nuncupatur.
1313 2442 1367 2505 In·

198 2556 289 2610 terea
319 2555 413 2629 pater
442 2545 653 2612 beatissimus
683 2547 846 2630 solempni
873 2549 1060 2611 orationum
1088 2548 1232 2611 statione
1258 2546 1368 2611 soluta

198 2649 390 2732 digreditur,
415 2670 618 2733 cernensque
648 2650 817 2714 hominem
847 2652 1064 2715 evisceratum
1090 2651 1175 2715 inter
1202 2652 1367 2733 pecudum

198 2754 302 2836 pedes
328 2754 438 2837 jacere
468 2755 658 2818 exanimem
674 2776 682 2834 ;
714 2754 796 2818 alios
826 2755 889 2819 huc
916 2765 1016 2838 atque
1043 2756 1119 2819 illuc
1150 2756 1368 2819 discurrentes

199 2858 398 2940 quibusdam
414 2857 506 2922 iuriis
532 2859 659 2942 agitari,
682 2859 905 2923 misericordia
929 2870 1039 2923 motus
1057 2868 1130 2938 est;
1153 2868 1308 2940 totusque
1324 2857 1367 2921 ad

201 2961 311 3025 Deum
327 2981 504 3025 conversus
519 2972 557 3027 ut
572 2970 739 3026 mortuum
761 2963 969 3027 resuscitaret
991 2963 1105 3027 oravit
1153 2961 1224 3025 Nec
1239 2983 1258 3024 a
1275 2960 1367 3024 lacri-

200 3065 263 3128 mis
278 3075 384 3129 cessat
400 3075 458 3129 aut
474 3067 625 3148 precibus
640 3067 747 3130 donec
769 3066 948 3143 hominem,
972 3086 1038 3130 non
1062 3068 1163 3130 modo
1179 3067 1299 3139 vivum,
1315 3075 1366 3130 set

200 3178 233 3231 et
249 3187 367 3232 sanum
380 3177 414 3232 et
429 3168 639 3245 incolumem,
650 3169 767 3232 eadem
780 3190 855 3252 quae
871 3171 1036 3233 occiderat
1047 3170 1151 3235 virtus
1163 3171 1366 3234 reddidisset

200 3271 288 3335 Vere
313 3272 401 3334 enim
426 3272 529 3335 virtus
552 3271 674 3337 Christi
697 3271 742 3335 ob
765 3274 870 3336 sancti
893 3273 953 3337 viri
980 3273 1134 3338 meritum
1158 3272 1318 3357 percussit
1334 3283 1368 3336 et

201 3376 340 3454 sanavit,
369 3374 580 3440 mortificavit
612 3387 646 3440 et
680 3374 880 3456 vivificavit;
916 3377 1060 3442 deduxit
1098 3378 1140 3441 ad
1179 3376 1300 3442 inferos
1335 3386 1369 3442 et

200 3480 358 3544 reduxit.²
402 3481 533 3545 Interea
547 3481 658 3545 caeteri
672 3501 757 3564 quos
772 3481 858 3545 intra
873 3491 1015 3564 septum,
1031 3481 1120 3564 quod
1140 3492 1233 3565 pater
1248 3481 1368 3545 forma-

200 3595 302 3662 verat,
327 3595 400 3649 tota
426 3595 524 3648 nocte
553 3585 773 3649 discurrentes
798 3586 945 3650 amentia
974 3587 1128 3669 quaedam
1155 3587 1369 3664 concluserat,

240 3802 316 3852 ¹'lbe
326 3802 428 3868 toutiry
439 3801 484 3852 has
493 3810 536 3852 not
549 3804 611 3853 been
625 3803 761 3855 identified.
781 3804 925 3869 According
933 3813 960 3854 to
969 3805 1014 3854 Dr.
1030 3804 1208 3864 M‘Luuchlan,
1227 3805 1251 3853 Τ
1248 3805 1277 3855 le
1288 3805 1371 3868 Early

202 3884 306 3933 Scottr'sh
321 3883 430 3944 ciunt,
445 3901 486 3950 pp.
501 3885 584 3948 68·69‚
601 3885 672 3937 “the
685 3886 739 3936 Fin
750 3887 875 3937 Formis
886 3887 1016 3952 obviously
1027 3903 1043 3936 a
1054 3886 1205 3952 mirreading
1216 3903 1244 3937 or
1256 3887 1371 3952 misprint

203 3967 240 4017 lor
252 3968 283 4025 T,
297 3982 325 4016 as
340 3967 417 4016 Iarrv
428 3967 453 4016 in
467 3966 559 4017 Britisb
571 3967 621 4016 and
638 3967 720 4017 7arbh
737 3966 764 4017 in
781 3967 869 4019 Gaelic
886 3983 972 4018 means
983 3984 999 4017 a
1010 3967 1080 4026 bun;
1097 3968 1140 4018 the
1150 3968 1222 4018 other
1233 3969 1301 4017 word
1314 3984 1371 4032 may

202 4049 234 4098 be
247 4048 288 4098 the
302 4047 387 4099 Welslr
400 4048 479 4107 mast,
492 4064 508 4097 a
519 4049 665 4112 receptacle.
701 4048 757 4099 The
770 4050 849 4114 place,
863 4048 885 4099 il
899 4049 941 4100 the
953 4065 1026 4099 mnne
1038 4064 1096 4098 now
1106 4049 1182 4100 existe
1193 4050 1218 4099 in
1231 4050 1273 4100 the
1285 4050 1371 4115 neigh-

203 4131 334 4180 bourhood
345 4130 374 4181 oi
385 4130 529 4188 Whithorn,
543 4131 626 4180 would
644 4131 669 4181 iu
687 4130 720 4180 all
738 4130 889 4196 probability
906 4133 938 4181 be
954 4131 1035 4181 called
1048 4130 1120 4181 Turis
1132 4131 1200 4182 Last.
1237 4132 1267 4181 In
1284 4131 1373 4183 Gaelic

202 4212 245 4263 the
259 4213 328 4263 word
341 4213 377 4262 lor
391 4212 540 4277 ‘sootprint‘
557 4213 578 4262 is
595 4212 670 4278 Lorg,
688 4229 717 4263 so
734 4214 788 4263 that
805 4214 824 4264 n
840 4213 894 4263 that
912 4215 943 4264 be
961 4215 1003 4263 the
1016 4215 1138 4278 language
1149 4215 1192 4264 the
1204 4230 1277 4264 name
1289 4214 1372 4264 would

203 4295 235 4346 be
248 4295 315 4360 Lorg
326 4310 359 4344 nn
370 4293 480 4345 tairbh.’'
499 4296 546 4345 But
557 4294 626 4345 there
636 4310 682 4345 can
693 4295 725 4345 be
736 4296 799 4346 little
808 4296 888 4346 doubt
898 4295 952 4346 that
961 4296 1003 4346 the
1014 4297 1095 4346 words
1103 4312 1145 4346 nre
1153 4296 1216 4346 irom
1226 4296 1268 4347 the
1276 4298 1372 4364 Anglo·

203 4377 288 4428 Suon
299 4379 394 4437 3learr.
408 4392 423 4426 a
436 4375 496 4434 buil.
510 4377 561 4426 and
572 4375 627 4435 tarr.
641 4392 657 4426 a
668 4375 809 4427 loottrack.
840 4377 900 4427 Hed
911 4377 953 4427 the
961 4377 1062 4428 miracle
1071 4378 1188 4428 occurred
1199 4395 1228 4428 as
1238 4379 1326 4430 Ailred
1335 4394 1372 4431 re·

202 4460 272 4519 lates,
287 4460 330 4510 tbe
341 4476 415 4510 name
426 4460 464 4510 lor
475 4459 518 4511 the
528 4459 600 4526 place
611 4459 695 4512 would
706 4459 878 4526 undoubtedly
889 4460 954 4511 bave
965 4460 1029 4512 been
1044 4459 1124 4512 Celtic
1135 4461 1185 4510 sud
1197 4470 1241 4512 not
1252 4461 1327 4515 Aes.

237 4553 271 4593 ιι
285 4542 365 4605 sen„
378 4541 404 4592 n
418 4539 470 4606 ἀγ.
