3226 5520
223 459 282 509 122
524 440 669 508 VITA
709 440 1014 507 II.—LIBER
1053 443 1081 510 1.

218 649 375 716 abbatem
391 648 601 735 comgellum
618 671 638 715 a
652 649 755 715 latere
769 650 950 730 sedentem,
964 650 1011 717 sic
1025 649 1210 736 profatur:
1230 652 1303 720 lile
1319 654 1421 723 fonti·

220 755 321 834 culus,
337 755 369 821 O
392 755 574 839 Comgelle,
597 756 640 822 de
661 776 730 839 quo
751 754 823 819 haec
845 753 950 820 effusa
971 755 1068 821 nobis
1092 756 1209 823 allata
1235 768 1298 825 est
1320 780 1421 845 aqua,

219 859 330 924 veniet
356 859 427 922 dies
453 859 589 941 quando
614 859 712 922 nullis
739 860 852 923 usibus
875 859 1029 924 humanis
1054 869 1160 945 aptus
1187 864 1271 929 erit.
1339 866 1420 952 Qun

220 983 328 1039 causa,
343 963 390 1027 ait
406 962 608 1046 Comgellus,
620 964 691 1047 ejus
703 962 840 1028 fontana
854 973 1082 1048 corrumpetur
1095 966 1227 1033 unda?
1261 968 1419 1037 Sanctus

219 1076 292 1131 tum
316 1067 501 1132 Columba:
525 1066 613 1150 Quia
635 1067 792 1146 human0,
814 1069 929 1151 inquit,
944 1089 1060 1134 cruore
1080 1072 1310 1156 replebitur;
1334 1096 1416 1141 nam

220 1170 285 1233 mei
301 1169 548 1252 cognationales
564 1170 661 1233 amici
677 1180 710 1235 et
725 1171 773 1234 tui
789 1172 971 1235 secundum
997 1192 1132 1237 carnem
1160 1178 1326 1259 cognati,
1349 1178 1416 1243 boc

219 1282 277 1350 est,
291 1273 396 1336 Nellis
413 1273 582 1356 Nepotes‚⁵
593 1283 627 1338 et
642 1273 793 1339 Cruthini
804 1273 938 1357 populi‚⁶
953 1274 985 1339 in
1001 1275 1063 1340 hac
1078 1276 1192 1342 vicina
1207 1282 1415 1347 munitione

219 1377 380 1442 Cethirni⁷
398 1377 630 1461 belligerantes
659 1378 870 1443 committent
899 1378 1031 1444 bellum.
1090 1379 1198 1448 Unde
1231 1384 1271 1448 in
1305 1406 1413 1471 supra

219 1491 403 1546 memorato
443 1481 535 1546 sonte
572 1483 691 1566 aliquis
728 1483 770 1547 de
807 1503 882 1547 mea
925 1484 1124 1568 cognatione
1170 1488 1413 1556 trucidabitur

219 1585 405 1665 homuncio,
420 1586 513 1670 cujus
529 1607 605 1650 cum
621 1587 749 1651 caeteris
768 1587 929 1654 interiecti
946 1589 1106 1674 sanguine
1120 1589 1286 1674 ejusdem
1303 1594 1409 1661 fonti·

218 1690 282 1753 culi
310 1689 400 1754 locus
426 1690 611 1774 replebitur.
669 1690 755 1774 Quae
781 1692 852 1775 ejus
878 1694 1021 1758 veridica
1047 1714 1108 1758 suo
1132 1703 1297 1779 tempore
1325 1710 1408 1783 post

219 1795 342 1860 multos
363 1795 555 1859 vaticinatio
577 1795 714 1879 expleta
728 1805 780 1859 est
799 1816 912 1862 annos
971 1798 1010 1861 ln
1031 1817 1099 1882 quo
1113 1796 1226 1878 bello,⁸
1241 1810 1287 1866 ut
1302 1804 1407 1870 multi

218 1906 339 1963 norunt
354 1899 477 1982 populi,
494 1898 692 1963 Domnallus
715 1898 796 1964 Aidi
812 1899 898 1964 filius
917 1901 1023 1966 victor
1043 1900 1245 1967 sublimatus
1262 1916 1321 1971 est
1335 1929 1344 1986 ;
1366 1918 1405 1974 et

218 2003 252 2067 in
273 2005 400 2081 eodem,
423 2005 605 2069 secundum
628 2004 734 2067 sancti
757 2005 949 2070 vaticinium
971 2004 1041 2086 viri,
1063 2004 1235 2086 fenuculo,
1250 2011 1400 2093 quidam

218 2108 260 2172 de
276 2108 446 2191 parentela
461 2109 531 2192 ejus
548 2106 737 2172 interfectus
753 2118 803 2174 est
818 2108 927 2174 homo.

260 2211 358 2274 Alius
374 2209 465 2293 mihi
488 2210 692 2274 Adamnano
714 2210 837 2276 Christi
861 2212 963 2291 miles,
986 2212 1134 2279 Finanus
1158 2214 1310 2298 nomine,
1337 2220 1399 2305 qui

218 2314 321 2378 vitam
338 2313 450 2378 multis
473 2313 738 2377 anachoreticam
754 2313 851 2378 annis
862 2315 964 2398 juxta
976 2314 1135 2381 Roboreti
1148 2322 1398 2389 monasterium

220 2418 338 2502 Campi
355 2416 681 2500 irreprehensibiliter
702 2416 854 2497 ducebat,
869 2419 912 2483 de
927 2420 1044 2484 eodem
1068 2417 1156 2484 bello
1170 2440 1208 2485 se
1222 2435 1397 2507 praesente

217 2524 395 2587 commisso
409 2521 520 2605 aliqua
543 2540 707 2598 enarrans,
730 2530 933 2604 protestatus
954 2531 1005 2587 est
1020 2523 1053 2586 in
1075 2522 1270 2607 supradicto
1298 2526 1395 2595 sonte

216 2636 370 2693 truncum
393 2626 627 2690 cadaverinum
653 2626 783 2703 vidisse,
799 2626 983 2708 eademque
1005 2627 1059 2693 die
1080 2626 1123 2692 ad
1148 2632 1393 2699 monasterium

216 2733 321 2796 sancti
338 2730 501 2814 Comgelli
516 2730 606 2813 quod
624 2729 770 2795 Scottice
785 2729 905 2794 dicitur
917 2730 1075 2797 Cambas⁹
1087 2733 1269 2799 commisso
1280 2756 1391 2802 rever-

217 2856 291 2899 sum
317 2834 413 2911 bello,
439 2834 517 2916 quia
543 2834 621 2897 inde
646 2833 737 2915 prius
769 2842 914 2911 venerat,
949 2834 1138 2917 ibidemque
1163 2835 1249 2901 duos
1278 2841 1391 2905 sancti

218 2938 381 3022 Comgelli
397 2957 491 3001 senes
504 2936 684 3001 monachos
696 2937 853 3019 reperisse
867 2959 874 3001 :
897 2937 1104 3019 quibuscum
1116 2938 1259 3004 debello
1273 2960 1390 3008 coram

217 3064 253 3107 se
282 3052 366 3119 acto,
392 3051 426 3106 et
452 3044 494 3106 de
520 3040 681 3105 fonticulo
707 3041 851 3104 humano
880 3061 994 3104 cruore
1024 3050 1186 3125 corrupto,
1214 3041 1391 3127 aliquanta

218 3157 392 3224 enarraret,
415 3146 460 3209 illi
484 3156 744 3228 consequenter:
768 3146 876 3209 Verus
900 3146 1062 3228 propheta
1086 3146 1260 3226 Columba,
1283 3150 1390 3227 aiunt,

217 3253 274 3336 qui
300 3252 372 3315 haec
398 3252 519 3328 omnia,
545 3271 620 3333 quae
646 3249 745 3313 hodie
768 3249 919 3313 debello
942 3250 1040 3314 etde
1063 3249 1222 3315 fonticulo
1249 3254 1390 3336 expleta

218 3376 358 3432 enarras,
384 3364 462 3418 ante
489 3355 611 3419 multos
637 3374 742 3417 annos
769 3353 886 3431 sutura,
910 3354 1005 3416 nobis
1031 3354 1250 3432 audientibus,
1273 3377 1388 3423 coram

218 3470 333 3525 sancto
349 3459 532 3542 Comgello,
554 3459 655 3542 juxta
678 3458 826 3524 Cethirni
847 3458 965 3520 sedens
988 3458 1215 3537 munitionem,
1230 3480 1389 3542 praenun-

218 3567 365 3631 tiaverat.

250 3930 262 3968 s
275 3917 331 3968 The
342 3914 507 3967 descendants
518 3914 546 3964 oi
554 3915 615 3965 Nial
626 3915 656 3965 of
664 3915 707 3966 the
718 3914 785 3966 Nine
798 3916 933 3983 Hostages.

249 4016 331 4066 ⁶The
342 4015 408 4065 lrirh
420 4014 486 4064 Picts
497 4013 639 4078 inhabiting
655 4014 698 4065 the
715 4015 833 4066 southern
850 4015 906 4065 hals
918 4015 947 4065 ol
961 4015 1004 4065 lhe
1019 4022 1111 4081 county
1126 4018 1152 4067 ol
1168 4015 1269 4067 Antrim
1280 4018 1332 4069 and
1345 4019 1390 4071 the

217 4106 314 4163 greater
325 4104 380 4161 part
391 4096 421 4145 os
428 4096 471 4146 the
482 4103 575 4159 county
586 4096 614 4145 oi
623 4095 713 4146 Down.

248 4196 343 4246 rNear
356 4193 496 4254 Coleraine,
510 4209 569 4243 now
587 4194 669 4244 called
686 4193 729 4244 the
748 4192 848 4244 Giant'a
867 4196 970 4247 Sconce.
1002 4196 1047 4246 Dr.
1063 4195 1167 4248 Reeves'
1178 4197 1327 4260 Adonim,
1340 4216 1385 4267 pp.

214 4277 372 4441 94li9iiought
384 4375 409 4425 in
427 4374 483 4436 629.
519 4373 653 4423 Adamnnn
666 4374 749 4425 would
761 4374 821 4425 then
833 4376 865 4426 be
877 4374 903 4425 in
914 4375 953 4426 his
964 4375 1019 4425 fifth
1031 4392 1097 4442 year.

245 4474 393 4532 9Founded
410 4475 444 4541 by
456 4474 493 4526 St.
508 4473 632 4539 Comgall.
