3226 5520
615 492 926 560 COLUMBAE.
1292 497 1351 577 167

187 704 339 782 Sanctus,
364 702 516 769 maritam
543 701 718 781 advocans,
742 700 776 765 in
800 709 963 785 quantum
988 701 1105 786 potuit,
1127 721 1201 766 eam
1225 701 1288 767 hac
1311 702 1353 768 de

186 830 286 875 causa
315 808 478 892 corripere
507 806 619 890 coepit,
649 804 820 890 inquiens:
858 805 978 891 Quare,
1009 805 1126 871 mulier
1154 816 1247 873 tuam
1273 827 1293 872 a
1320 817 1354 873 te

184 933 318 980 carnem
341 913 495 978 abdicare
517 911 654 990 conaris,
671 911 819 977 Domino
841 911 983 990 dicente,
1000 911 1108 977 Erunt
1122 912 1190 978 duo
1206 913 1240 977 in
1255 932 1354 979 carne

187 1024 272 1085 una?
318 1018 436 1101 Itaque
463 1037 539 1082 caro
566 1017 614 1082 tui
641 1016 792 1100 conjugis
818 1025 877 1081 tua
902 1037 979 1081 caro
1004 1026 1062 1081 est.
1108 1017 1194 1102 Quae
1220 1037 1355 1102 respon·

186 1126 295 1190 dens:
343 1122 476 1199 Omnia,
517 1122 633 1204 inquit,
670 1141 877 1205 quaecunque
921 1121 1000 1185 mihi
1038 1122 1243 1205 praeceperis,
1281 1142 1354 1187 sum

187 1237 311 1311 parata,
341 1225 525 1310 quamlibet
555 1226 621 1289 sint
658 1225 755 1291 valde
790 1225 961 1304 laboriosa,
991 1225 1181 1309 adimplere,
1212 1236 1357 1309 excepto

187 1352 264 1411 uno,
293 1341 331 1396 ut
361 1352 414 1396 me
452 1330 543 1394 nullo
575 1330 755 1413 compellas
793 1331 894 1395 modo
924 1331 957 1394 in
993 1350 1061 1394 uno
1092 1330 1177 1396 lecto
1212 1331 1356 1396 dormire

187 1456 264 1501 cum
296 1435 442 1519 Lugne0.
490 1433 635 1500 Omnem
666 1435 786 1498 domus
815 1454 927 1499 curam
958 1453 1112 1499 exercere
1135 1455 1202 1498 non
1234 1455 1357 1514 recuso,

188 1551 254 1620 aut,
284 1541 311 1604 si
343 1539 470 1623 jubeas,
499 1539 601 1603 etiam
636 1538 740 1601 maria
770 1539 916 1617 transire,
946 1547 980 1603 et
1010 1539 1044 1601 in
1073 1537 1186 1621 aliquo
1215 1539 1355 1623 puellar-

189 1665 245 1709 um
262 1644 464 1709 monasterio
475 1661 675 1726 permanere.
720 1640 864 1708 Sanctus
880 1650 951 1705 tum
963 1641 1030 1707 ait:
1054 1642 1131 1706 Non
1144 1652 1255 1726 potest
1269 1651 1358 1707 recte

188 1745 256 1812 fieri
272 1747 362 1830 quod
385 1746 476 1825 dicis,
492 1766 570 1810 nam
593 1745 702 1810 adhuc
724 1745 795 1810 viro
817 1746 949 1810 vivente
963 1745 1099 1830 alligata
1115 1766 1150 1811 es
1165 1766 1186 1810 a
1201 1745 1274 1830 lege
1285 1746 1355 1810 viri

189 1850 284 1935 Quos
304 1851 393 1915 enim
417 1850 509 1914 Deus
532 1850 621 1914 licite
643 1850 820 1933 conjunxit
843 1849 934 1914 nefas
960 1860 1011 1915 est
1037 1850 1190 1934 separari.
1237 1852 1283 1917 Et
1305 1850 1357 1914 his

188 1957 294 2033 dictis,
319 1963 558 2038 consequenter
580 1953 712 2019 intulit:
738 1954 812 2018 Hac
835 1955 868 2017 in
891 1954 946 2019 die
968 1964 1044 2031 tres,
1066 1954 1129 2018 hoc
1156 1964 1216 2032 est,
1238 1974 1301 2038 ego
1324 1963 1358 2019 et

191 2061 337 2138 maritus,
352 2080 428 2124 cum
455 2059 606 2143 conjuge,
628 2059 818 2143 jejunantes
846 2059 1030 2123 Dominum
1060 2077 1239 2142 precemur.
1297 2058 1359 2123 Illa

190 2165 330 2230 dehinc:
354 2163 441 2242 Sci0,
456 2164 511 2243 ait,
526 2164 605 2247 quia
623 2163 683 2228 tibi
704 2163 909 2246 impossibile
924 2184 991 2227 non
1009 2163 1070 2228 erit
1092 2171 1130 2227 ut
1152 2175 1204 2227 ea·
1216 2183 1291 2246 quae
1306 2161 1359 2226 vel

190 2268 345 2346 difficilia,
371 2267 424 2333 vel
458 2268 558 2332 etiam
589 2266 806 2351 impossibilia
835 2267 998 2345 videntur,
1027 2287 1048 2331 a
1078 2266 1154 2331 Deo
1183 2266 1360 2350 impetrata

191 2376 364 2438 donentur.
425 2371 515 2457 Quid
552 2371 670 2456 plura?
727 2371 849 2435 Marita
882 2371 999 2437 eadem
1030 2371 1085 2436 die
1120 2390 1197 2435 cum
1235 2368 1361 2437 Sancto

188 2477 339 2561 jejunare
354 2476 529 2553 consentit,
544 2485 579 2541 et
594 2475 732 2541 maritus
746 2475 903 2540 similiter.
950 2475 1124 2560 Nocteque
1139 2475 1360 2559 subsequente

193 2581 337 2648 Sanctus
367 2580 528 2644 insomnis
557 2599 619 2663 pro
647 2580 695 2644 eis
724 2581 921 2663 deprecatus
949 2589 1007 2645 est
1074 2581 1276 2662 Posteraque
1305 2579 1360 2645 die

192 2685 336 2752 Sanctus
352 2685 505 2749 maritam
521 2695 685 2768 praesente
700 2686 746 2748 sic
767 2685 946 2768 compellat
968 2685 1106 2749 marito:
1129 2683 1309 2763 Ofemina,
1324 2684 1361 2762 si,

191 2800 229 2854 ut
244 2790 398 2855 hesterna
412 2788 547 2853 dicebas
561 2789 625 2867 die,
636 2799 753 2873 parata
768 2789 867 2854 bodie
882 2809 918 2854 es
933 2789 975 2853 ad
992 2789 1188 2854 seminarum
1200 2789 1362 2871 emigrare

194 2893 488 2957 monasteriolum?
536 2891 618 2957 llla:
647 2893 753 2972 Nunc,
768 2893 884 2976 inquit,
899 2893 1048 2975 cognovi,
1064 2892 1142 2976 quia
1164 2901 1221 2957 tua
1244 2911 1264 2955 a
1286 2891 1362 2956 Deo

192 2998 235 3062 de
251 3017 304 3061 me
319 3007 370 3061 est
393 2997 507 3061 audita
529 2996 656 3076 orati0;
679 3017 757 3061 nam
776 3017 875 3080 quem
900 2998 969 3062 heri
991 2996 1137 3073 oderam,
1152 2995 1251 3061 hodie
1266 3015 1361 3074 amo;

192 3122 250 3167 cor
264 3101 353 3166 enim
370 3120 482 3166 meum
498 3101 560 3165 hac
575 3111 673 3165 nocte
696 3102 872 3185 praeterita,
887 3121 954 3184 quo
969 3101 1071 3165 modo
1086 3101 1211 3184 ignoro,
1224 3101 1275 3165 ³in
1290 3113 1362 3165 ³me

194 3207 408 3271 immutatum
438 3216 489 3272 est
519 3207 562 3271 de
591 3206 670 3269 odio
695 3207 729 3269 in
757 3226 912 3271 amorem.
973 3204 1062 3289 Quid
1098 3211 1290 3270 moramur?
1319 3204 1363 3269 ab

194 3310 312 3374 eadem
336 3311 389 3375 die
412 3311 582 3393 usquead
605 3309 694 3374 diem
718 3309 837 3388 obitus,
858 3311 969 3374 anima
990 3309 1140 3392 ejusdem
1164 3310 1291 3374 maritae
1314 3308 1363 3372 in·

195 3414 446 3480 dissociabiliter
462 3416 495 3479 in
511 3433 623 3479 amore
638 3414 871 3497 conglutinata
885 3425 937 3480 est
952 3414 1069 3493 mariti,
1080 3423 1119 3478 ut
1133 3414 1189 3478 illa
1205 3412 1364 3478 maritalis

194 3519 389 3584 concubitus
415 3518 539 3597 debita,
564 3539 640 3603 quae
667 3519 758 3602 prius
783 3518 921 3584 reddere
949 3518 1117 3597 renuebat,
1143 3517 1236 3583 nullo
1263 3517 1364 3582 modo

196 3623 352 3707 deinceps
368 3633 540 3690 recusaret

583 3893 609 3959 C
625 3891 657 3957 A
672 3894 696 3957 P
711 3893 744 3960 U
759 3893 789 3957 T
828 3892 861 3956 X
876 3892 905 3958 L
918 3891 932 3956 1
949 3891 981 3958 l.

197 4045 249 4110 De
264 4044 471 4129 navrgattbne
484 4042 638 4121 Comaei,
651 4044 770 4127 nepotis
780 4043 940 4121 Lcthani,¹
947 4040 1150 4127 prophetatio
1164 4041 1263 4106 Beati
1284 4041 1365 4106 Vin.

200 4199 298 4264 ALIO
320 4200 353 4263 in
377 4210 526 4283 tempore
553 4199 742 4277 Cormacus,
765 4199 886 4266 Christi
915 4199 1017 4276 miles,
1038 4202 1081 4265 de
1104 4218 1172 4284 quo
1197 4197 1231 4263 in
1258 4197 1367 4281 primo

232 4403 540 4543 {igniinfi’deecendeu
554 4483 604 4533 and
622 4484 736 4549 deriving
747 4483 812 4535 their
820 4500 902 4544 name,
914 4484 977 4535 from
991 4483 1121 4536 Eocbaidh
1134 4481 1258 4541 Linthain,
1270 4495 1299 4530 or
1310 4478 1367 4530 Lia-

201 4566 347 4625 thanacba
364 4567 477 4617 Monster
493 4566 567 4625 cbiei,
583 4567 639 4616 who
654 4583 704 4616 was
723 4567 789 4617 sixtb
809 4567 835 4617 in
855 4568 957 4620 docent
977 4567 1040 4618 irum
1060 4567 1132 4619 Oiliii
1151 4565 1237 4626 Olum,
1256 4563 1327 4631 Κίος
1341 4560 1372 4614 oi

200 4651 322 4712 Menoe.
336 4660 394 4702 Ab.
409 4647 484 4718 ιω
518 4650 623 4713 necve,
636 4649 759 4712 Adane,
773 4665 798 4720 p.
815 4647 868 4703 166.
