3226 5520
221 487 283 556 114
520 470 667 540 VITA
705 472 1014 543 11.-L1BER
1051 468 1080 539 1.

218 679 313 743 terim
329 678 530 743 conscientia
545 679 679 763 aliquod
695 681 821 763 grande
836 679 966 744 occulat
981 679 1114 745 facinus
1162 679 1260 745 Haec
1277 680 1345 765 qui
1362 680 1417 744 in-

217 794 311 848 erant
326 784 498 848 audientes
514 783 697 849 tremefacti
714 784 812 848 nimis
834 782 1043 867 obstupuere
1087 782 1151 848 llle
1164 804 1255 849 vero
1270 786 1322 849 de
1338 804 1417 867 quo

216 887 288 951 haec
315 889 509 953 dicebantur
529 889 631 955 verba
655 908 768 955 coram
790 886 945 953 omnibus
966 896 1141 972 peccatum
1171 908 1280 954 suum
1310 908 1416 953 com-

217 990 331 1073 pulsus
353 1004 404 1056 est
426 990 582 1056 confiteri.
627 992 815 1074 Christique
838 991 1090 1071 commilitones,
1109 991 1167 1074 qni
1189 992 1229 1055 in
1254 992 1416 1059 ecclesia

218 1095 379 1161 Sanctum
394 1097 645 1163 circumstantes
659 1095 791 1161 occulta
805 1096 914 1161 cordis
929 1096 1103 1163 audierant
1115 1094 1414 1163 manifestantem

216 1200 373 1279 divinam,
388 1201 422 1265 in
437 1221 478 1264 eo
493 1201 665 1266 scientiam
680 1221 757 1264 cum
778 1220 902 1284 magna
917 1199 1136 1266 admiratione
1150 1198 1412 1284 glorificarunt.

621 1652 816 1720 CAPUT
863 1651 982 1719 XLI.

230 1859 282 1925 De
302 1859 388 1925 Erco
400 1860 484 1941 fiere
499 1858 732 1937 Mocudruzut¹
758 1857 818 1941 qui
838 1858 874 1921 in
898 1854 1006 1923 Colore
1028 1854 1138 1921 ima
1157 1856 1398 1923 commanebat

585 1962 702 2030 Sancti
707 1961 909 2047 prophetatio
932 1959 1014 2025 Viri

218 2171 316 2236 Amo
331 2180 481 2254 tempore
497 2171 638 2237 Sanctus
653 2170 687 2233 in
705 2168 789 2233 Iona
803 2186 1020 2231 commanens
1035 2165 1151 2245 insula,
1162 2166 1279 2231 accitis
1294 2168 1344 2231 ad
1361 2188 1402 2233 se

217 2275 303 2338 binis
318 2276 361 2339 de
376 2274 531 2339 fratribus
542 2275 629 2352 viris,
640 2293 780 2356 quorum
794 2271 956 2337 vocabula
972 2271 1129 2355 Lugbeus
1144 2278 1178 2335 et
1194 2269 1393 2351 Silnanus,²

217 2380 342 2443 eisdem
359 2380 553 2462 praecipiens
565 2379 668 2442 dixit:
687 2378 717 2441 N
720 2398 786 2441 unc
798 2378 842 2442 ad
855 2375 1002 2440 Maleam
1013 2373 1224 2441 transfretate
1235 2374 1398 2455 insulam,

217 2483 300 2547 etin
316 2482 478 2566 campulis
501 2483 583 2546 mari
600 2482 714 2547 vicinis
731 2482 854 2545 Ercum
874 2480 1012 2564 quaerite
1027 2478 1171 2544 furacem
1188 2501 1196 2559 ;
1217 2479 1276 2562 qui
1292 2490 1398 2544 nocte

217 2586 385 2668 praeterita
408 2586 498 2651 solus
524 2587 654 2651 occulte
675 2586 718 2650 de
737 2585 845 2649 insula
868 2583 1003 2651 Colos0²
1016 2584 1219 2667 perveniens,
1241 2582 1305 2647 sub
1329 2604 1397 2649 suo

218 2689 295 2753 feno
319 2698 408 2755 tecta
430 2690 581 2755 navicula
607 2690 692 2753 inter
714 2708 887 2755 arenarum
910 2686 1071 2765 cumulos,
1091 2706 1150 2771 per
1166 2686 1256 2751 diem
1276 2706 1314 2750 se
1336 2707 1395 2752 oc·

218 2791 343 2856 cultare
358 2800 506 2870 conatur,
528 2802 565 2857 ut
581 2800 681 2857 noctu
697 2792 740 2855 ad
758 2810 894 2874 parvam
910 2789 1139 2873 transnaviget
1153 2788 1320 2868 insulam,³
1334 2790 1394 2855 ubi

219 2895 337 2961 marini
363 2897 466 2961 nostri
488 2896 571 2981 juris
596 2896 705 2961 vituli⁴
717 2904 917 2979 generantur
940 2903 975 2958 et
997 2900 1182 2976 generant;
1202 2900 1241 2957 ut
1259 2892 1304 2957 de
1325 2891 1395 2957 illis

218 2998 364 3064 furenter
387 2997 504 3063 occisis
519 3000 609 3064 edax
630 2998 729 3062 valde
746 2997 853 3077 furax,
868 3018 963 3063 suam
989 2996 1120 3080 replens
1135 2994 1333 3073 naviculam,
1347 2996 1394 3061 ad

219 3123 315 3167 suum
332 3105 469 3186 repedet
484 3103 718 3168 habitaculum.
763 3101 831 3184 Qui
849 3102 921 3166 haec
937 3101 1120 3181 audientes,
1134 3100 1294 3180 obsecuti,
1308 3100 1394 3165 emi·

218 3217 326 3290 grant,
348 3206 520 3291 furemque
543 3207 576 3270 in
593 3207 673 3271 locis
696 3207 858 3273 aSancto
883 3206 1091 3290 praesignatis
1115 3204 1315 3269 absconsum
1341 3226 1392 3271 re·

218 3311 357 3394 perfunt,
387 3313 488 3376 etad
520 3312 692 3389 Sanctum,
715 3312 800 3375 sicut
826 3310 890 3374 illis
917 3318 1129 3394 praeceperat,
1152 3308 1393 3393 perduxerunt.

218 3413 296 3497 Quo
310 3413 382 3477 viso
398 3413 542 3479 Sanctus
558 3414 601 3478 ad
623 3435 699 3479 cum
719 3414 819 3479 dicit:
843 3413 956 3497 Quare
971 3424 1007 3477 tu
1024 3433 1076 3477 res
1090 3412 1224 3492 alienas,
1239 3412 1394 3478 divinum

218 3525 442 3601 transgressus
454 3519 660 3597 mandatum,
670 3538 759 3603 saepe
767 3517 902 3581 furaris?
925 3517 1071 3601 Quando
1084 3535 1217 3581 necesse
1226 3514 1395 3595 habueris,

219 3621 262 3687 ad
279 3640 340 3683 nos
360 3620 497 3684 veniens
520 3621 703 3686 necessaria
721 3620 862 3704 accipies
884 3619 1060 3703 postulata.
1118 3620 1164 3684 Et
1178 3620 1252 3685 haec
1274 3619 1393 3686 dicens

218 3724 369 3809 praecipit
391 3745 544 3791 verveces
559 3725 675 3805 occidi,
694 3734 728 3789 et
749 3745 810 3809 pro
835 3723 951 3808 phocis
977 3724 1048 3788 dari
1071 3723 1192 3788 misero
1211 3722 1324 3802 furaci,
1347 3744 1393 3790 ne

217 3849 342 3894 vacuus
357 3830 400 3893 ad
415 3849 475 3894 sua
491 3839 658 3894 remearet
705 3829 750 3894 Et
765 3837 842 3913 post
864 3828 1070 3911 aliquantum
1086 3837 1218 3910 tempus
1235 3826 1391 3909 Sanctus,

252 4080 262 4107 1
276 4065 441 4126 mocudriudi,
455 4067 560 4117 lubbeus
571 4073 596 4117 et
608 4066 732 4127 selnanus,
746 4065 776 4116 B.

250 4162 263 4189 ο
277 4148 308 4198 In
319 4150 354 4199 all
365 4149 504 4199 likelihood
515 4149 557 4200 the
569 4149 649 4214 larger
657 4148 687 4199 of
694 4147 737 4198 the
748 4153 798 4198 tvo
809 4146 904 4199 islmds
915 4144 1006 4198 named
1018 4144 1153 4212 Colonsay,
1164 4144 1215 4196 and
1225 4141 1296 4211 lying
1307 4152 1335 4197 to
1346 4144 1393 4198 the

217 4231 456 4380 ⁸03²}ssngng
464 4313 509 4363 Dr.
526 4313 622 4363 Reeves
633 4319 660 4363 to
671 4312 703 4363 be
715 4311 804 4363 Erraid
814 4312 873 4373 isle,
884 4312 927 4363 the
936 4312 1027 4378 largest
1033 4311 1065 4363 of
1072 4326 1087 4362 ι
1096 4309 1161 4362 little
1168 4326 1248 4377 group
1255 4308 1285 4360 of
1292 4308 1393 4362 island:

217 4403 244 4448 et
255 4396 299 4448 the
309 4396 383 4448 south
393 4403 510 4448 entrance
527 4396 557 4447 of
569 4395 612 4447 the
629 4395 724 4457 Sound,
743 4395 881 4447 south-east
901 4394 931 4446 of
948 4394 1001 4461 Hy,
1022 4394 1072 4446 end
1092 4394 1159 4445 close
1175 4401 1202 4445 to
1218 4393 1261 4444 the
1276 4391 1353 4446 shore
1364 4399 1395 4451 ot

218 4478 353 4614 Mindeals.
389 4559 467 4628 night
478 4560 541 4614 lines
551 4561 633 4613 below
645 4559 704 4629 they
717 4576 760 4615 are
772 4560 853 4615 called
864 4560 960 4629 phoca
