3226 5520
307 500 373 553 212
730 481 1041 553 OFFICIUM

305 687 366 739 bino
378 687 508 751 columine,
522 686 710 741 confortationis
723 688 841 741 nimirum
857 688 976 749 coelestis,
986 696 1013 741 et
1023 686 1167 755 temporelis
1177 686 1294 739 sumenti
1306 686 1489 740 relocillslut.

307 768 377 821 Finis
385 784 444 820 vero
452 768 511 820 vitm
518 768 770 821 ioelicissimusiuerut
780 788 787 821 r
798 768 1128 835 iuquintuenimieriurum,
1136 768 1491 835 poemimmmtmnh,

305 859 331 903 et
350 851 475 917 prolixum
491 850 613 918 jejunium
629 867 646 902 s
663 850 746 917 prims
761 851 877 903 ieriurum
896 867 974 918 usque
993 852 1026 903 ud
1042 851 1156 917 quintum
1176 865 1269 916 oorpus
1286 858 1315 903 et
1331 851 1492 917 unguinum

307 932 411 985 Domini
428 933 558 985 sslvrtorir
571 933 688 999 suscepit,
706 942 733 984 et
748 943 807 985 unte
823 935 909 985 besem
925 934 1010 985 ulturis
1025 933 1145 1000 prooessit
1158 932 1186 983 in
1202 932 1303 994 isciem,
1321 933 1438 985 alleluia
1450 940 1492 985 ter

306 1015 438 1076 csumndo,
452 1016 530 1067 ritum
543 1015 625 1067 finivit
638 1017 810 1083 temporalem,
826 1025 853 1067 et
868 1016 901 1067 ud
916 1024 1034 1069 ueternum
1051 1016 1184 1067 treuslstus
1195 1022 1233 1066 est
1245 1014 1368 1081 glorium.
1405 1016 1487 1081 Res).

307 1097 404 1164 Corpus
419 1097 530 1149 edomuit
545 1097 639 1149 crebris
657 1097 792 1159 laboribus,
811 1098 838 1148 in
862 1097 937 1151 muris
956 1098 1035 1164 jacuit
1054 1097 1128 1149 nudis
1142 1095 1285 1149 littoribusr
1311 1112 1388 1149 nore
1404 1096 1491 1149 lsoob

307 1195 354 1246 pro
367 1179 531 1231 cervicelibus
548 1178 677 1230 reclinavit
695 1187 770 1246 cuput
789 1178 921 1245 lspidibus
976 1180 1041 1229 Vm.
1083 1177 1178 1229 Noctes
1192 1177 1228 1229 sic
1243 1176 1370 1229 dediosm
1384 1177 1492 1229 devotis

307 1261 430 1328 precibus,
445 1269 471 1313 et
486 1259 541 1313 dies
553 1260 680 1326 explicem
694 1260 743 1327 piis
757 1260 881 1327 operibus
919 1259 1061 1312 Reclinuvit
1074 1267 1157 1325 ceput.
1199 1257 1288 1311 Gloris
1305 1259 1389 1311 Petri.
1435 1258 1489 1310 Re·

306 1342 411 1395 clinsrlt
421 1350 504 1409 ceput.

309 1459 344 1511 In
359 1459 442 1512 Tertio
452 1459 590 1513 Num.

341 1557 496 1625 Anaplous.
532 1556 916 1619 tuvemmemcmmmtr,
937 1556 1486 1611 Ssnctusisteintrettuberuscnlsteem

311 1640 416 1693 Christe
460 1639 587 1693 Mnus.
628 1638 739 1693 Domine
756 1640 812 1707 quis
830 1640 963 1693 hsbitubit.
1012 1639 1168 1707 Δήμου.
1211 1640 1303 1693 cordis
1326 1639 1488 1691 den‘desinm

310 1722 448 1774 Dominum
462 1721 501 1773 illi
516 1722 605 1774 dedit:
627 1722 697 1788 cujus
714 1738 758 1789 per
779 1722 899 1775 rusilium
913 1723 1019 1788 glorium
1038 1723 1157 1791 possedit.
1200 1724 1326 1775 ΜΝ.
1370 1720 1488 1773 Domine

307 1803 335 1855 in
356 1803 446 1855 virtute
472 1812 524 1855 tun.
567 1804 724 1869 Antiphone
769 1804 888 1855 Muribus
907 1804 1051 1866 innocuum,
1074 1805 1150 1857 corde
1173 1820 1264 1872 purum
1286 1820 1390 1856 servum
1413 1805 1487 1857 levet

308 1901 422 1937 securum
443 1886 497 1938 Rex
512 1886 539 1936 in
553 1901 625 1937 suum
642 1901 753 1952 regnum.
789 1888 914 1938 Psalmus.
949 1886 1053 1939 Domini
1073 1898 1110 1938 est
1130 1898 1203 1938 terra.
1243 1887 1309 1939 Vm.
1357 1887 1412 1938 Lex
1432 1884 1486 1939 Dei
1507 1912 1511 1919 ·

307 1967 362 2034 ejus
372 1967 400 2018 in
412 1968 488 2019 corde
498 1967 584 2034 ipsius.
619 1969 692 2035 Rerp.
728 1969 761 2019 Et
772 1984 824 2019 non
835 1970 1060 2035 suppunubunrur
1070 1985 1169 2036 grenus
1178 1971 1240 2036 ejus.

341 2067 423 2119 Μία
439 2069 528 2119 Sancti
544 2068 684 2134 Evangelii
700 2069 842 2120 &undum
858 2070 963 2131 Lucam
984 2086 1039 2137 esp
1064 2083 1102 2123 tu.
1148 2070 1181 2122 ln
1202 2069 1247 2122 ttto
1272 2080 1397 2137 tempore,
1416 2068 1487 2121 dixit

310 2150 380 2200 lesus
396 2149 525 2216 discipulis
542 2150 612 2211 suisr
631 2149 681 2202 sint
701 2151 779 2202 lumbi
797 2151 873 2202 vestri
890 2151 1018 2218 precincti
1035 2160 1083 2205 etc.
1117 2152 1235 2205 Hostum
1254 2152 1347 2204 Sancti·
1364 2152 1489 2218 Gregorii

310 2232 391 2297 Papoe.
427 2232 513 2284 Sancti
535 2232 666 2299 Evangelii
684 2233 771 2284 irutres
788 2233 926 2285 charissimi
945 2242 1033 2301 aperte
1051 2243 1089 2286 est
1107 2234 1179 2287 vobis
1197 2234 1273 2287 lectio
1293 2233 1410 2287 recitate.
1447 2233 1489 2285 m

310 2314 409 2379 reliqua
425 2321 456 2364 ut
470 2314 501 2364 in
517 2316 645 2366 communi
654 2315 794 2379 conjuretis
804 2332 856 2367 non
867 2316 1005 2382 Pontificis.
1040 2319 1114 2383 Resp.
1129 2317 1177 2369 oti.
1211 2317 1364 2383 Magnorum
1374 2315 1489 2381 remigis

310 2396 452 2462 frequenter
469 2397 607 2463 conspexit,
626 2397 653 2447 iu
670 2397 733 2449 ferni
748 2398 826 2463 janus
838 2407 949 2449 mortuos
964 2397 1050 2451 erexit.
1090 2398 1272 2466 Tranuillsrit
1289 2397 1378 2457 menn
1398 2397 1488 2449 futuru

311 2477 449 2544 prospexit.
491 2478 555 2529 Verr.
593 2478 731 2529 Multorum
742 2479 865 2530 Coenobiu
880 2481 1059 2531 monachorum
1077 2480 1147 2542 rexit,
1159 2478 1283 2547 oppressis
1293 2479 1410 2546 muntia
1422 2479 1487 2531 dex·

311 2567 375 2611 tram
397 2558 513 2624 porrexit.
548 2560 731 2626 Trunquilluvit
753 2561 840 2613 muris.
882 2564 953 2628 Rerp,
977 2564 1035 2629 viij.
1073 2563 1142 2629 Ignis
1162 2562 1331 2614 combusseret
1350 2562 1488 2628 quoddsm

311 2641 476 2703 coensculum,
489 2650 515 2694 et
526 2642 622 2694 nullum
633 2651 742 2695 senserat
757 2645 835 2709 postis
846 2644 983 2710 periculum
1000 2645 1026 2696 in
1037 2661 1088 2711 quo
1099 2645 1252 2712 pependerst
1262 2643 1345 2695 lsetsle
1356 2644 1486 2711 pallium:

311 2722 359 2775 Cui
381 2723 506 2775 Columbs
526 2723 696 2776 benedixerat.
746 2726 812 2777 Vers.
854 2726 931 2792 Juxta
949 2726 1092 2792 primarium
1115 2726 1209 2780 Christi
1231 2726 1389 2787 miruculum,
1413 2743 1489 2794 sqns

310 2805 432 2856 vinculum
453 2805 569 2872 propiunt
586 2807 711 2871 poculum,
730 2823 806 2872 quum
822 2824 868 2874 pro
885 2809 978 2859 Sancto
996 2809 1065 2860 Deus
1081 2815 1227 2860 mutescunt.
1262 2806 1354 2861 Gloris
1370 2808 1443 2860 Petri
1460 2818 1488 2861 et

312 2886 387 2939 Filio.
422 2886 470 2939 Cui
488 2888 620 2940 Columbo.
655 2888 694 2939 Te
707 2888 790 2940 Deum
803 2890 940 2940 leudumus.

347 3019 393 3071 Ad
400 3020 507 3072 Laudes.

346 3118 503 3182 Antiphone
546 3118 626 3170 Adest
646 3118 700 3170 dies
716 3120 810 3171 laetitiae
829 3121 923 3187 inquo
940 3122 1073 3184 Columbn
1096 3123 1200 3174 Domini
1220 3123 1337 3174 thronum
1357 3126 1485 3187 escendit,

313 3199 407 3249 coelesti
427 3199 529 3263 junctus
550 3200 651 3264 agmini.
699 3200 825 3252 Psalmus.
862 3204 987 3254 Dominus
1006 3205 1125 3269 regnavit.
1177 3206 1332 3270 Antiphone
1373 3207 1487 3259 Remum

314 3280 412 3344 signum
424 3281 564 3332 clementie
575 3282 699 3333 Columbs
716 3284 824 3348 portavit
840 3284 901 3334 dum
921 3288 1027 3337 Sanctus
1044 3286 1085 3337 bic
1103 3286 1233 3337 Hibernise
1244 3286 1313 3352 genti
1324 3289 1485 3352 praedicuvit.

314 3364 439 3413 Psalmus.
475 3363 552 3424 Deus,
571 3364 640 3414 Deus
657 3381 734 3415 meus.
769 3367 926 3430 Antiphone.
961 3368 1105 3420 Ostendunt
1121 3369 1241 3420 veraciter
1258 3369 1284 3420 in
1301 3378 1488 3423 temmorset

313 3444 400 3494 tumbe
420 3444 479 3510 quis
499 3444 562 3496 vixit
577 3446 704 3498 sinceriter
724 3447 761 3497 vir
781 3449 887 3500 Sanctus
906 3451 1037 3502 Columbo
1082 3452 1205 3502 psalmus.
1241 3450 1379 3503 Benedicte
1399 3455 1488 3504 omnis

313 3540 397 3589 opere.
432 3526 588 3590 Antr'phona.
624 3527 690 3577 Vim
702 3528 756 3580 sine
772 3531 870 3580 maculs
886 3547 953 3582 mors
971 3549 1047 3598 quum
1063 3532 1186 3598 pretiose:
1198 3535 1285 3585 crebre
1301 3550 1346 3600 per
1363 3535 1489 3586 mimculs

315 3607 402 3671 tumbe
412 3606 518 3658 rudiosu.
553 3609 679 3661 Pramus.
715 3611 1108 3666 IaudnteDomiuumdecoelis.
1146 3616 1302 3682 Camars.
1338 3616 1436 3669 Bestns
1450 3619 1488 3669 vir

313 3688 357 3753 qui
369 3688 484 3740 inventus
495 3688 597 3741 estsine
608 3690 712 3741 macule.

347 3787 474 3851 Ialymnur.

509 3870 579 3920 Iesus
590 3871 743 3937 Redemptor
754 3874 873 3936 ninnium,
887 3891 971 3926 servos
982 3876 1104 3943 benignos
1115 3878 1216 3945 respice,

510 3953 557 4001 Per
566 3952 696 4003 Columbo
707 3953 831 4020 suffragiu,
845 3956 918 4007 mites
929 3965 953 4008 et
965 3968 1047 4010 custos
1058 3959 1135 4012 effice.

508 4034 559 4084 Hic
570 4034 670 4099 pietatis
682 4036 799 4098 moribus,
812 4038 906 4088 refulsit
919 4039 945 4089 in
962 4041 1082 4092 Ecclesia.

509 4115 666 4165 Columbinis
677 4118 801 4182 operibus,
815 4135 871 4169 cum
883 4136 979 4171 summu
991 4121 1121 4186 pudicitia,

509 4197 576 4248 Vitae
587 4199 688 4248 horrens
699 4201 837 4261 mollitiem,
852 4203 947 4266 peccati
960 4220 1006 4269 pro
1017 4206 1120 4266 diluvio,

509 4279 630 4344 Quaesivit
642 4279 689 4330 sibi
700 4282 819 4347 requiem,
832 4283 858 4332 iu
869 4284 933 4335 arcis
943 4301 1019 4336 sacrae
1031 4287 1103 4338 solio.

348 4372 504 4437 almiphona.
544 4377 613 4428 Felle
624 4393 717 4441 careus,
731 4389 756 4431 et
767 4381 905 4448 simplicem
921 4384 1017 4436 hsbeus
1030 4385 1123 4437 mentis
1139 4385 1264 4447 intuitum,
1283 4388 1397 4440 irsudem
1417 4393 1486 4444 cevit

315 4454 486 4521 multiplicem,
500 4474 573 4525 super
589 4476 707 4525 aquarum
719 4464 849 4514 transitum
866 4466 989 4516 Mundum
1006 4470 1105 4520 culeum
1121 4469 1168 4521 sub
1183 4468 1297 4535 pedibus,
1320 4472 1430 4537 suspirat
1448 4475 1483 4525 ad

315 4537 434 4598 coelestin.
448 4540 523 4590 sceris
533 4542 622 4606 plenus
629 4545 753 4608 operibus,
763 4546 833 4597 laetus
839 4546 933 4613 gaudet
944 4549 971 4599 in
978 4552 1067 4616 putria.
1097 4552 1135 4604 sit
1147 4551 1194 4604 soli
1205 4551 1271 4614 Deo,
1282 4560 1343 4615 eto..
1353 4561 1480 4624 utsupra.
