<?xml version="1.0" encoding="UTF-8"?>
<!DOCTYPE html PUBLIC "-//W3C//DTD XHTML 1.0 Transitional//EN"
    "http://www.w3.org/TR/xhtml1/DTD/xhtml1-transitional.dtd">
<html xmlns="http://www.w3.org/1999/xhtml" xml:lang="en" lang="en">
 <head>
  <title>
</title>
<meta http-equiv="Content-Type" content="text/html;charset=utf-8" />
  <meta name='ocr-system' content='tesseract 3.04.00' />
  <meta name='ocr-capabilities' content='ocr_page ocr_carea ocr_par ocr_line ocrx_word'/>
</head>
<body>
  <div class='ocr_page' id='page_1' title='image "./pinkertonslives00pinkgoog_0179.png"; bbox 0 0 3226 5520; ppageno 0'>
   <div class='ocr_carea' id='block_1_1' title="bbox 222 473 1077 547">
    <p class='ocr_par' dir='ltr' id='par_1_1' title="bbox 222 473 1077 547">
     <span class='ocr_line' id='line_1_1' title="bbox 222 473 1077 547; baseline -0.005 -3"><span class='ocrx_word' id='word_1_1' title='bbox 222 482 281 547; x_wconf 90' lang='lat'>118</span> <span class='ocrx_word' id='word_1_2' title='bbox 521 475 666 543; x_wconf 86' lang='lat' dir='ltr'>VITA</span> <span class='ocrx_word' id='word_1_3' title='bbox 705 474 1012 543; x_wconf 87' lang='lat' dir='ltr'>11.-LIBER</span> <span class='ocrx_word' id='word_1_4' title='bbox 1049 473 1077 540; x_wconf 90' lang='grc' dir='ltr'>Ι.</span> 
     </span>
    </p>
   </div>
   <div class='ocr_carea' id='block_1_2' title="bbox 216 679 1420 1081">
    <p class='ocr_par' dir='ltr' id='par_1_2' title="bbox 216 679 1420 1081">
     <span class='ocr_line' id='line_1_2' title="bbox 216 679 1420 767; baseline -0.002 -15"><span class='ocrx_word' id='word_1_5' title='bbox 216 697 254 752; x_wconf 92' lang='lat' dir='ltr'>ut</span> <span class='ocrx_word' id='word_1_6' title='bbox 268 685 329 752; x_wconf 88' lang='lat' dir='ltr'>tibi</span> <span class='ocrx_word' id='word_1_7' title='bbox 343 706 365 753; x_wconf 85' lang='lat' dir='ltr'>a</span> <span class='ocrx_word' id='word_1_8' title='bbox 379 684 475 751; x_wconf 88' lang='lat' dir='ltr'>nobis</span> <span class='ocrx_word' id='word_1_9' title='bbox 496 684 611 752; x_wconf 90' lang='lat' dir='ltr'>debita</span> <span class='ocrx_word' id='word_1_10' title='bbox 632 704 699 750; x_wconf 91' lang='lat' dir='ltr'>non</span> <span class='ocrx_word' id='word_1_11' title='bbox 722 683 913 751; x_wconf 86' lang='lat' dir='ltr'>redderetur</span> <span class='ocrx_word' id='word_1_12' title='bbox 933 680 1128 751; x_wconf 81' lang='lat' dir='ltr'>veneratio?</span> <span class='ocrx_word' id='word_1_13' title='bbox 1175 679 1264 767; x_wconf 85' lang='lat' dir='ltr'>Quo</span> <span class='ocrx_word' id='word_1_14' title='bbox 1287 682 1420 749; x_wconf 81' lang='lat' dir='ltr'>audito</span> 
     </span>
     <span class='ocr_line' id='line_1_3' title="bbox 217 785 1418 874; baseline -0.002 -16"><span class='ocrx_word' id='word_1_15' title='bbox 217 790 333 858; x_wconf 81' lang='lat' dir='ltr'>Sancti</span> <span class='ocrx_word' id='word_1_16' title='bbox 355 787 465 868; x_wconf 87' lang='lat' dir='ltr'>verbo,</span> <span class='ocrx_word' id='word_1_17' title='bbox 486 788 620 854; x_wconf 90' lang='lat' dir='ltr'>humilis</span> <span class='ocrx_word' id='word_1_18' title='bbox 642 790 843 874; x_wconf 82' lang='lat' dir='ltr'>peregrinus,</span> <span class='ocrx_word' id='word_1_19' title='bbox 857 788 955 853; x_wconf 90' lang='lat' dir='ltr'>valde</span> <span class='ocrx_word' id='word_1_20' title='bbox 976 785 1197 871; x_wconf 82' lang='lat' dir='ltr'>stupefactus,</span> <span class='ocrx_word' id='word_1_21' title='bbox 1221 786 1418 855; x_wconf 85' lang='lat' dir='ltr'>Christum</span> 
     </span>
     <span class='ocr_line' id='line_1_4' title="bbox 216 890 1418 976; baseline -0.001 -18"><span class='ocrx_word' id='word_1_22' title='bbox 216 894 251 958; x_wconf 89' lang='lat' dir='ltr'>in</span> <span class='ocrx_word' id='word_1_23' title='bbox 264 892 390 960; x_wconf 90' lang='lat' dir='ltr'>Sancto</span> <span class='ocrx_word' id='word_1_24' title='bbox 401 903 575 958; x_wconf 89' lang='lat' dir='ltr'>veneratus</span> <span class='ocrx_word' id='word_1_25' title='bbox 586 902 637 957; x_wconf 89' lang='lat' dir='ltr'>est</span> <span class='ocrx_word' id='word_1_26' title='bbox 644 914 653 973; x_wconf 89' lang='lat'>;</span> <span class='ocrx_word' id='word_1_27' title='bbox 667 902 701 957; x_wconf 93' lang='lat' dir='ltr'>et</span> <span class='ocrx_word' id='word_1_28' title='bbox 711 892 769 976; x_wconf 91' lang='lat' dir='ltr'>qui</span> <span class='ocrx_word' id='word_1_29' title='bbox 780 892 910 957; x_wconf 88' lang='lat' dir='ltr'>inerant</span> <span class='ocrx_word' id='word_1_30' title='bbox 921 899 1101 975; x_wconf 81' lang='lat' dir='ltr'>praesentes</span> <span class='ocrx_word' id='word_1_31' title='bbox 1110 890 1219 955; x_wconf 84' lang='lat' dir='ltr'>nimis</span> <span class='ocrx_word' id='word_1_32' title='bbox 1228 892 1418 973; x_wconf 82' lang='lat' dir='ltr'>admirati,</span> 
     </span>
     <span class='ocr_line' id='line_1_5' title="bbox 216 995 574 1081; baseline 0 -21"><span class='ocrx_word' id='word_1_33' title='bbox 216 995 440 1081; x_wconf 85' lang='lat' dir='ltr'>glorificarunt</span> <span class='ocrx_word' id='word_1_34' title='bbox 456 997 574 1061; x_wconf 91' lang='lat' dir='ltr'>Deum.</span> 
     </span>
    </p>
   </div>
   <div class='ocr_carea' id='block_1_3' title="bbox 378 1412 1224 1672">
    <p class='ocr_par' dir='ltr' id='par_1_3' title="bbox 378 1412 1224 1672">
     <span class='ocr_line' id='line_1_6' title="bbox 616 1412 986 1480; baseline -0.005 0"><span class='ocrx_word' id='word_1_35' title='bbox 616 1413 644 1480; x_wconf 94' lang='lat' dir='ltr'>C</span> <span class='ocrx_word' id='word_1_36' title='bbox 657 1413 691 1477; x_wconf 88' lang='lat' dir='ltr'><strong>A</strong></span> <span class='ocrx_word' id='word_1_37' title='bbox 704 1415 729 1479; x_wconf 93' lang='lat' dir='ltr'>P</span> <span class='ocrx_word' id='word_1_38' title='bbox 743 1414 776 1479; x_wconf 95' lang='lat' dir='ltr'>U</span> <span class='ocrx_word' id='word_1_39' title='bbox 789 1414 818 1478; x_wconf 91' lang='lat' dir='ltr'>T</span> <span class='ocrx_word' id='word_1_40' title='bbox 857 1413 890 1478; x_wconf 95' lang='lat' dir='ltr'>X</span> <span class='ocrx_word' id='word_1_41' title='bbox 901 1414 931 1479; x_wconf 89' lang='lat' dir='ltr'>L</span> <span class='ocrx_word' id='word_1_42' title='bbox 941 1412 986 1478; x_wconf 89' lang='lat' dir='ltr'>V.</span> 
     </span>
     <span class='ocr_line' id='line_1_7' title="bbox 378 1584 1224 1672; baseline 0.002 -21"><span class='ocrx_word' id='word_1_43' title='bbox 378 1584 431 1651; x_wconf 84' lang='lat' dir='ltr'>De</span> <span class='ocrx_word' id='word_1_44' title='bbox 452 1584 590 1653; x_wconf 85' lang='lat' dir='ltr'>Ernana</span> <span class='ocrx_word' id='word_1_45' title='bbox 606 1586 786 1671; x_wconf 77' lang='lat' dir='ltr'>presbytera</span> <span class='ocrx_word' id='word_1_46' title='bbox 809 1586 928 1654; x_wconf 79' lang='lat' dir='ltr'><em>Sancti</em></span> <span class='ocrx_word' id='word_1_47' title='bbox 939 1586 1109 1672; x_wconf 80' lang='lat' dir='ltr'><em>prophetia</em></span> <span class='ocrx_word' id='word_1_48' title='bbox 1139 1586 1224 1653; x_wconf 84' lang='lat' dir='ltr'>Viri.</span> 
     </span>
    </p>
   </div>
   <div class='ocr_carea' id='block_1_4' title="bbox 216 1758 1407 2680">
    <p class='ocr_par' dir='ltr' id='par_1_4' title="bbox 216 1758 1407 2680">
     <span class='ocr_line' id='line_1_8' title="bbox 217 1758 1407 1849; baseline 0.008 -26"><span class='ocrx_word' id='word_1_49' title='bbox 217 1758 316 1824; x_wconf 81' lang='lat' dir='ltr'><strong>ALIO</strong></span> <span class='ocrx_word' id='word_1_50' title='bbox 331 1759 446 1824; x_wconf 89' lang='lat' dir='ltr'>itidem</span> <span class='ocrx_word' id='word_1_51' title='bbox 463 1760 496 1824; x_wconf 91' lang='lat' dir='ltr'>in</span> <span class='ocrx_word' id='word_1_52' title='bbox 510 1769 667 1844; x_wconf 84' lang='lat' dir='ltr'>tempore,</span> <span class='ocrx_word' id='word_1_53' title='bbox 679 1761 729 1824; x_wconf 88' lang='lat' dir='ltr'>vir</span> <span class='ocrx_word' id='word_1_54' title='bbox 740 1761 947 1825; x_wconf 89' lang='lat' dir='ltr'>venerandus</span> <span class='ocrx_word' id='word_1_55' title='bbox 962 1762 1131 1826; x_wconf 87' lang='lat' dir='ltr'>Ernanum</span> <span class='ocrx_word' id='word_1_56' title='bbox 1144 1762 1407 1849; x_wconf 87' lang='lat' dir='ltr'>presbyterum,</span> 
     </span>
     <span class='ocr_line' id='line_1_9' title="bbox 217 1864 1405 1949; baseline 0.008 -22"><span class='ocrx_word' id='word_1_57' title='bbox 217 1884 340 1941; x_wconf 91' lang='lat' dir='ltr'>senem,</span> <span class='ocrx_word' id='word_1_58' title='bbox 370 1885 466 1929; x_wconf 92' lang='lat' dir='ltr'>suum</span> <span class='ocrx_word' id='word_1_59' title='bbox 497 1864 696 1929; x_wconf 91' lang='lat' dir='ltr'>avunculum</span> <span class='ocrx_word' id='word_1_60' title='bbox 723 1866 767 1929; x_wconf 92' lang='lat' dir='ltr'>ad</span> <span class='ocrx_word' id='word_1_61' title='bbox 797 1867 1050 1949; x_wconf 83' lang='lat' dir='ltr'>praeposituram</span> <span class='ocrx_word' id='word_1_62' title='bbox 1079 1865 1165 1929; x_wconf 89' lang='lat' dir='ltr'>illius</span> <span class='ocrx_word' id='word_1_63' title='bbox 1192 1872 1405 1937; x_wconf 85' lang='lat' dir='ltr'>monasterii</span> 
     </span>
     <span class='ocr_line' id='line_1_10' title="bbox 217 1969 1401 2053; baseline 0.008 -21"><span class='ocrx_word' id='word_1_64' title='bbox 217 1970 408 2047; x_wconf 87' lang='lat' dir='ltr'>transmisit,</span> <span class='ocrx_word' id='word_1_65' title='bbox 423 1970 513 2053; x_wconf 91' lang='lat' dir='ltr'>quod</span> <span class='ocrx_word' id='word_1_66' title='bbox 530 1970 563 2033; x_wconf 93' lang='lat' dir='ltr'>in</span> <span class='ocrx_word' id='word_1_67' title='bbox 583 1969 698 2033; x_wconf 87' lang='lat' dir='ltr'>Hinba</span> <span class='ocrx_word' id='word_1_68' title='bbox 718 1970 825 2034; x_wconf 91' lang='lat' dir='ltr'>insula</span> <span class='ocrx_word' id='word_1_69' title='bbox 840 1980 919 2036; x_wconf 88' lang='lat' dir='ltr'>ante</span> <span class='ocrx_word' id='word_1_70' title='bbox 934 1971 1044 2053; x_wconf 88' lang='lat' dir='ltr'>plures</span> <span class='ocrx_word' id='word_1_71' title='bbox 1059 1969 1258 2037; x_wconf 79' lang='lat' dir='ltr'>fundaverat</span> <span class='ocrx_word' id='word_1_72' title='bbox 1273 1993 1401 2043; x_wconf 80' lang='lat' dir='ltr'>annos</span> 
     </span>
     <span class='ocr_line' id='line_1_11' title="bbox 219 2073 1401 2157; baseline 0.007 -20"><span class='ocrx_word' id='word_1_73' title='bbox 219 2073 337 2157; x_wconf 88' lang='lat' dir='ltr'>ltaque</span> <span class='ocrx_word' id='word_1_74' title='bbox 363 2093 439 2136; x_wconf 92' lang='lat' dir='ltr'>cum</span> <span class='ocrx_word' id='word_1_75' title='bbox 462 2073 571 2156; x_wconf 91' lang='lat' dir='ltr'>ipsum</span> <span class='ocrx_word' id='word_1_76' title='bbox 596 2073 740 2139; x_wconf 84' lang='lat' dir='ltr'>Sanctus</span> <span class='ocrx_word' id='word_1_77' title='bbox 765 2074 984 2156; x_wconf 86' lang='lat' dir='ltr'>emigrantem</span> <span class='ocrx_word' id='word_1_78' title='bbox 1010 2073 1224 2139; x_wconf 88' lang='lat' dir='ltr'>exosculatus</span> <span class='ocrx_word' id='word_1_79' title='bbox 1251 2076 1401 2145; x_wconf 86' lang='lat' dir='ltr'>benedi·</span> 
     </span>
     <span class='ocr_line' id='line_1_12' title="bbox 216 2176 1399 2254; baseline 0.007 -14"><span class='ocrx_word' id='word_1_80' title='bbox 216 2186 313 2254; x_wconf 89' lang='lat' dir='ltr'>ceret,</span> <span class='ocrx_word' id='word_1_81' title='bbox 328 2176 391 2240; x_wconf 93' lang='lat' dir='ltr'>hoc</span> <span class='ocrx_word' id='word_1_82' title='bbox 415 2177 457 2240; x_wconf 90' lang='lat' dir='ltr'>de</span> <span class='ocrx_word' id='word_1_83' title='bbox 479 2197 520 2241; x_wconf 93' lang='lat' dir='ltr'>eo</span> <span class='ocrx_word' id='word_1_84' title='bbox 536 2177 647 2242; x_wconf 88' lang='lat' dir='ltr'>intulit</span> <span class='ocrx_word' id='word_1_85' title='bbox 668 2177 861 2241; x_wconf 87' lang='lat' dir='ltr'>vaticinium</span> <span class='ocrx_word' id='word_1_86' title='bbox 885 2177 998 2242; x_wconf 90' lang='lat' dir='ltr'>dicens</span> <span class='ocrx_word' id='word_1_87' title='bbox 1008 2184 1020 2243; x_wconf 76' lang='grc' dir='ltr'>ἰ</span> <span class='ocrx_word' id='word_1_88' title='bbox 1044 2178 1145 2241; x_wconf 90' lang='lat' dir='ltr'>Hunc</span> <span class='ocrx_word' id='word_1_89' title='bbox 1168 2197 1282 2244; x_wconf 88' lang='lat' dir='ltr'>meum</span> <span class='ocrx_word' id='word_1_90' title='bbox 1301 2202 1399 2248; x_wconf 90' lang='lat' dir='ltr'>nunc</span> 
     </span>
     <span class='ocr_line' id='line_1_13' title="bbox 216 2280 1398 2365; baseline 0.008 -22"><span class='ocrx_word' id='word_1_91' title='bbox 216 2280 442 2364; x_wconf 86' lang='lat' dir='ltr'>egredientem</span> <span class='ocrx_word' id='word_1_92' title='bbox 472 2281 616 2345; x_wconf 89' lang='lat' dir='ltr'>amicum</span> <span class='ocrx_word' id='word_1_93' title='bbox 647 2300 714 2345; x_wconf 92' lang='lat' dir='ltr'>non</span> <span class='ocrx_word' id='word_1_94' title='bbox 746 2302 800 2345; x_wconf 88' lang='lat' dir='ltr'>me</span> <span class='ocrx_word' id='word_1_95' title='bbox 829 2302 926 2365; x_wconf 88' lang='lat' dir='ltr'>spero</span> <span class='ocrx_word' id='word_1_96' title='bbox 955 2283 1074 2346; x_wconf 90' lang='lat' dir='ltr'>iterum</span> <span class='ocrx_word' id='word_1_97' title='bbox 1104 2282 1137 2346; x_wconf 89' lang='lat' dir='ltr'>in</span> <span class='ocrx_word' id='word_1_98' title='bbox 1169 2282 1233 2347; x_wconf 91' lang='lat' dir='ltr'>hoc</span> <span class='ocrx_word' id='word_1_99' title='bbox 1264 2287 1398 2353; x_wconf 86' lang='lat' dir='ltr'>saeculo</span> 
     </span>
     <span class='ocr_line' id='line_1_14' title="bbox 217 2385 1396 2471; baseline 0.005 -23"><span class='ocrx_word' id='word_1_100' title='bbox 217 2385 382 2448; x_wconf 85' lang='lat' dir='ltr'>viventem</span> <span class='ocrx_word' id='word_1_101' title='bbox 398 2385 552 2448; x_wconf 91' lang='lat' dir='ltr'>visurum.</span> <span class='ocrx_word' id='word_1_102' title='bbox 583 2385 700 2467; x_wconf 89' lang='lat' dir='ltr'>ltaque</span> <span class='ocrx_word' id='word_1_103' title='bbox 715 2385 803 2448; x_wconf 92' lang='lat' dir='ltr'>idem</span> <span class='ocrx_word' id='word_1_104' title='bbox 822 2385 984 2464; x_wconf 90' lang='lat' dir='ltr'>Ernanus,</span> <span class='ocrx_word' id='word_1_105' title='bbox 999 2395 1153 2469; x_wconf 90' lang='lat' dir='ltr'>postnon</span> <span class='ocrx_word' id='word_1_106' title='bbox 1170 2386 1396 2471; x_wconf 87' lang='lat' dir='ltr'>multosdies,</span> 
     </span>
     <span class='ocr_line' id='line_1_15' title="bbox 217 2488 1395 2575; baseline 0.008 -24"><span class='ocrx_word' id='word_1_107' title='bbox 217 2489 361 2570; x_wconf 91' lang='lat' dir='ltr'>quadam</span> <span class='ocrx_word' id='word_1_108' title='bbox 385 2488 580 2553; x_wconf 87' lang='lat' dir='ltr'>molestatus</span> <span class='ocrx_word' id='word_1_109' title='bbox 595 2490 797 2572; x_wconf 82' lang='lat' dir='ltr'>aegrimonia,</span> <span class='ocrx_word' id='word_1_110' title='bbox 817 2489 860 2553; x_wconf 94' lang='lat' dir='ltr'>ad</span> <span class='ocrx_word' id='word_1_111' title='bbox 885 2490 1046 2555; x_wconf 91' lang='lat' dir='ltr'>Sanctum</span> <span class='ocrx_word' id='word_1_112' title='bbox 1061 2490 1176 2554; x_wconf 89' lang='lat' dir='ltr'>volens</span> <span class='ocrx_word' id='word_1_113' title='bbox 1197 2503 1395 2575; x_wconf 86' lang='lat' dir='ltr'>reportatus</span> 
     </span>
     <span class='ocr_line' id='line_1_16' title="bbox 218 2593 1393 2680; baseline 0.006 -24"><span class='ocrx_word' id='word_1_114' title='bbox 218 2603 291 2671; x_wconf 92' lang='lat' dir='ltr'>est;</span> <span class='ocrx_word' id='word_1_115' title='bbox 313 2593 407 2677; x_wconf 90' lang='lat' dir='ltr'>cujus</span> <span class='ocrx_word' id='word_1_116' title='bbox 430 2594 463 2656; x_wconf 92' lang='lat' dir='ltr'>in</span> <span class='ocrx_word' id='word_1_117' title='bbox 487 2594 701 2675; x_wconf 88' lang='lat' dir='ltr'>perventione</span> <span class='ocrx_word' id='word_1_118' title='bbox 721 2593 819 2657; x_wconf 88' lang='lat' dir='ltr'>valde</span> <span class='ocrx_word' id='word_1_119' title='bbox 841 2594 982 2676; x_wconf 85' lang='lat' dir='ltr'>gavisus,</span> <span class='ocrx_word' id='word_1_120' title='bbox 998 2595 1044 2658; x_wconf 87' lang='lat' dir='ltr'>ire</span> <span class='ocrx_word' id='word_1_121' title='bbox 1059 2593 1176 2658; x_wconf 88' lang='lat' dir='ltr'>obvius</span> <span class='ocrx_word' id='word_1_122' title='bbox 1191 2595 1234 2659; x_wconf 91' lang='lat' dir='ltr'>ad</span> <span class='ocrx_word' id='word_1_123' title='bbox 1251 2608 1393 2680; x_wconf 89' lang='lat' dir='ltr'>portum</span> 
     </span>
    </p>
   </div>
   <div class='ocr_carea' id='block_1_5' title="bbox 217 2696 1394 2784">
    <p class='ocr_par' dir='ltr' id='par_1_5' title="bbox 217 2696 1394 2784">
     <span class='ocr_line' id='line_1_17' title="bbox 217 2696 1394 2784; baseline 0.007 -24"><span class='ocrx_word' id='word_1_124' title='bbox 217 2697 326 2778; x_wconf 87' lang='lat' dir='ltr'>coepit.</span> <span class='ocrx_word' id='word_1_125' title='bbox 375 2697 450 2779; x_wconf 91' lang='lat' dir='ltr'>lpse</span> <span class='ocrx_word' id='word_1_126' title='bbox 466 2717 544 2759; x_wconf 88' lang='lat' dir='ltr'>vero</span> <span class='ocrx_word' id='word_1_127' title='bbox 565 2696 727 2774; x_wconf 88' lang='lat' dir='ltr'>Ernanus,</span> <span class='ocrx_word' id='word_1_128' title='bbox 742 2698 926 2780; x_wconf 88' lang='lat' dir='ltr'>quamlibet</span> <span class='ocrx_word' id='word_1_129' title='bbox 947 2696 1091 2774; x_wconf 85' lang='lat' dir='ltr'>infirmis,</span> <span class='ocrx_word' id='word_1_130' title='bbox 1107 2699 1248 2782; x_wconf 91' lang='lat' dir='ltr'>propriis</span> <span class='ocrx_word' id='word_1_131' title='bbox 1263 2709 1394 2784; x_wconf 88' lang='lat' dir='ltr'>tamen,</span> 
     </span>
    </p>
   </div>
   <div class='ocr_carea' id='block_1_6' title="bbox 217 2800 1393 3511">
    <p class='ocr_par' dir='ltr' id='par_1_6' title="bbox 217 2800 1393 3511">
     <span class='ocr_line' id='line_1_18' title="bbox 217 2800 1392 2883; baseline 0.007 -19"><span class='ocrx_word' id='word_1_132' title='bbox 217 2800 364 2883; x_wconf 86' lang='lat' dir='ltr'>vestigiis</span> <span class='ocrx_word' id='word_1_133' title='bbox 379 2821 399 2863; x_wconf 92' lang='lat' dir='ltr'>a</span> <span class='ocrx_word' id='word_1_134' title='bbox 415 2809 511 2883; x_wconf 91' lang='lat' dir='ltr'>portu</span> <span class='ocrx_word' id='word_1_135' title='bbox 527 2801 661 2865; x_wconf 88' lang='lat' dir='ltr'>obviare</span> <span class='ocrx_word' id='word_1_136' title='bbox 684 2801 809 2867; x_wconf 91' lang='lat' dir='ltr'>Sancto</span> <span class='ocrx_word' id='word_1_137' title='bbox 832 2801 1014 2866; x_wconf 92' lang='lat' dir='ltr'>conabatur</span> <span class='ocrx_word' id='word_1_138' title='bbox 1036 2802 1133 2868; x_wconf 89' lang='lat' dir='ltr'>valde</span> <span class='ocrx_word' id='word_1_139' title='bbox 1155 2803 1270 2868; x_wconf 87' lang='lat' dir='ltr'>alacer.</span> <span class='ocrx_word' id='word_1_140' title='bbox 1318 2805 1392 2873; x_wconf 88' lang='lat' dir='ltr'>Sed</span> 
     </span>
     <span class='ocr_line' id='line_1_19' title="bbox 217 2906 1393 2989; baseline 0.006 -20"><span class='ocrx_word' id='word_1_141' title='bbox 217 2926 293 2969; x_wconf 93' lang='lat' dir='ltr'>cum</span> <span class='ocrx_word' id='word_1_142' title='bbox 310 2915 397 2968; x_wconf 89' lang='lat' dir='ltr'>esset</span> <span class='ocrx_word' id='word_1_143' title='bbox 413 2906 498 2969; x_wconf 86' lang='lat' dir='ltr'>inter</span> <span class='ocrx_word' id='word_1_144' title='bbox 519 2906 635 2969; x_wconf 90' lang='lat' dir='ltr'>ambos</span> <span class='ocrx_word' id='word_1_145' title='bbox 651 2906 745 2987; x_wconf 90' lang='lat' dir='ltr'>quasi</span> <span class='ocrx_word' id='word_1_146' title='bbox 761 2906 877 2989; x_wconf 90' lang='lat' dir='ltr'>viginti</span> <span class='ocrx_word' id='word_1_147' title='bbox 893 2916 1036 2989; x_wconf 90' lang='lat' dir='ltr'>quatuor</span> <span class='ocrx_word' id='word_1_148' title='bbox 1058 2927 1215 2989; x_wconf 89' lang='lat' dir='ltr'>passuum</span> <span class='ocrx_word' id='word_1_149' title='bbox 1231 2908 1393 2976; x_wconf 87' lang='lat' dir='ltr'>interval·</span> 
     </span>
     <span class='ocr_line' id='line_1_20' title="bbox 218 3009 1392 3097; baseline 0.006 -25"><span class='ocrx_word' id='word_1_150' title='bbox 218 3009 296 3086; x_wconf 86' lang='lat' dir='ltr'>lum,</span> <span class='ocrx_word' id='word_1_151' title='bbox 312 3010 421 3073; x_wconf 91' lang='lat' dir='ltr'>subita</span> <span class='ocrx_word' id='word_1_152' title='bbox 444 3019 549 3073; x_wconf 89' lang='lat' dir='ltr'>morte</span> <span class='ocrx_word' id='word_1_153' title='bbox 572 3021 769 3092; x_wconf 84' lang='lat' dir='ltr'>praeventus,</span> <span class='ocrx_word' id='word_1_154' title='bbox 786 3011 977 3093; x_wconf 90' lang='lat' dir='ltr'>priusquam</span> <span class='ocrx_word' id='word_1_155' title='bbox 1002 3010 1146 3076; x_wconf 90' lang='lat' dir='ltr'>Sanctus</span> <span class='ocrx_word' id='word_1_156' title='bbox 1172 3010 1291 3076; x_wconf 90' lang='lat' dir='ltr'>faciem</span> <span class='ocrx_word' id='word_1_157' title='bbox 1315 3015 1392 3097; x_wconf 87' lang='lat' dir='ltr'>ejus</span> 
     </span>
     <span class='ocr_line' id='line_1_21' title="bbox 218 3114 1392 3196; baseline 0.007 -20"><span class='ocrx_word' id='word_1_158' title='bbox 218 3114 345 3177; x_wconf 89' lang='lat' dir='ltr'>videret</span> <span class='ocrx_word' id='word_1_159' title='bbox 359 3115 508 3190; x_wconf 88' lang='lat' dir='ltr'>viventis,</span> <span class='ocrx_word' id='word_1_160' title='bbox 524 3115 680 3196; x_wconf 86' lang='lat' dir='ltr'>expirans</span> <span class='ocrx_word' id='word_1_161' title='bbox 704 3115 735 3176; x_wconf 93' lang='lat' dir='ltr'>in</span> <span class='ocrx_word' id='word_1_162' title='bbox 760 3125 880 3178; x_wconf 88' lang='lat' dir='ltr'>terram</span> <span class='ocrx_word' id='word_1_163' title='bbox 903 3114 1030 3192; x_wconf 89' lang='lat' dir='ltr'>cecidit,</span> <span class='ocrx_word' id='word_1_164' title='bbox 1047 3135 1088 3178; x_wconf 91' lang='lat' dir='ltr'>ne</span> <span class='ocrx_word' id='word_1_165' title='bbox 1110 3116 1246 3179; x_wconf 90' lang='lat' dir='ltr'>verbum</span> <span class='ocrx_word' id='word_1_166' title='bbox 1272 3117 1392 3183; x_wconf 89' lang='lat' dir='ltr'>Sancti</span> 
     </span>
     <span class='ocr_line' id='line_1_22' title="bbox 218 3217 1392 3302; baseline 0.006 -21"><span class='ocrx_word' id='word_1_167' title='bbox 218 3217 286 3281; x_wconf 91' lang='lat' dir='ltr'>ullo</span> <span class='ocrx_word' id='word_1_168' title='bbox 314 3217 521 3281; x_wconf 78' lang='lat' dir='ltr'>frustraretur</span> <span class='ocrx_word' id='word_1_169' title='bbox 548 3218 656 3281; x_wconf 92' lang='lat' dir='ltr'>modo.</span> <span class='ocrx_word' id='word_1_170' title='bbox 717 3218 817 3283; x_wconf 89' lang='lat' dir='ltr'>Unde</span> <span class='ocrx_word' id='word_1_171' title='bbox 845 3220 877 3281; x_wconf 93' lang='lat' dir='ltr'>in</span> <span class='ocrx_word' id='word_1_172' title='bbox 904 3221 1021 3282; x_wconf 91' lang='lat' dir='ltr'>eodem</span> <span class='ocrx_word' id='word_1_173' title='bbox 1050 3218 1123 3282; x_wconf 92' lang='lat' dir='ltr'>loco</span> <span class='ocrx_word' id='word_1_174' title='bbox 1146 3230 1224 3282; x_wconf 91' lang='lat' dir='ltr'>ante</span> <span class='ocrx_word' id='word_1_175' title='bbox 1246 3220 1392 3302; x_wconf 82' lang='lat' dir='ltr'>januam</span> 
     </span>
     <span class='ocr_line' id='line_1_23' title="bbox 218 3320 1393 3404; baseline 0.007 -20"><span class='ocrx_word' id='word_1_176' title='bbox 218 3321 367 3385; x_wconf 81' lang='lat' dir='ltr'>canabae¹</span> <span class='ocrx_word' id='word_1_177' title='bbox 392 3342 474 3384; x_wconf 85' lang='lat' dir='ltr'>cmx</span> <span class='ocrx_word' id='word_1_178' title='bbox 506 3320 609 3384; x_wconf 87' lang='lat' dir='ltr'>infixa</span> <span class='ocrx_word' id='word_1_179' title='bbox 640 3332 698 3399; x_wconf 87' lang='lat' dir='ltr'>est,</span> <span class='ocrx_word' id='word_1_180' title='bbox 729 3332 763 3386; x_wconf 88' lang='lat' dir='ltr'>et</span> <span class='ocrx_word' id='word_1_181' title='bbox 792 3321 895 3385; x_wconf 90' lang='lat' dir='ltr'>altera</span> <span class='ocrx_word' id='word_1_182' title='bbox 924 3324 980 3386; x_wconf 90' lang='lat' dir='ltr'>ubi</span> <span class='ocrx_word' id='word_1_183' title='bbox 1007 3323 1149 3388; x_wconf 88' lang='lat' dir='ltr'>Sanctus</span> <span class='ocrx_word' id='word_1_184' title='bbox 1176 3325 1307 3404; x_wconf 88' lang='lat' dir='ltr'>restitit,</span> <span class='ocrx_word' id='word_1_185' title='bbox 1330 3327 1393 3392; x_wconf 91' lang='lat' dir='ltr'>illo</span> 
     </span>
     <span class='ocr_line' id='line_1_24' title="bbox 219 3425 1055 3511; baseline 0.001 -21"><span class='ocrx_word' id='word_1_186' title='bbox 219 3425 403 3511; x_wconf 87' lang='lat' dir='ltr'>expirante,</span> <span class='ocrx_word' id='word_1_187' title='bbox 418 3425 568 3489; x_wconf 89' lang='lat' dir='ltr'>similiter</span> <span class='ocrx_word' id='word_1_188' title='bbox 582 3447 664 3490; x_wconf 91' lang='lat' dir='ltr'>crux</span> <span class='ocrx_word' id='word_1_189' title='bbox 681 3426 846 3510; x_wconf 89' lang='lat' dir='ltr'>hodieque</span> <span class='ocrx_word' id='word_1_190' title='bbox 861 3426 966 3491; x_wconf 91' lang='lat' dir='ltr'>infixa</span> <span class='ocrx_word' id='word_1_191' title='bbox 981 3436 1055 3492; x_wconf 81' lang='lat' dir='ltr'>stat</span> 
     </span>
    </p>
   </div>
   <div class='ocr_carea' id='block_1_7' title="bbox 325 3862 1284 4138">
    <p class='ocr_par' dir='ltr' id='par_1_7' title="bbox 325 3862 1284 4138">
     <span class='ocr_line' id='line_1_25' title="bbox 608 3862 1003 3931; baseline -0.003 0"><span class='ocrx_word' id='word_1_192' title='bbox 608 3862 636 3931; x_wconf 92' lang='lat' dir='ltr'>C</span> <span class='ocrx_word' id='word_1_193' title='bbox 649 3864 681 3929; x_wconf 90' lang='lat' dir='ltr'>A</span> <span class='ocrx_word' id='word_1_194' title='bbox 695 3865 720 3929; x_wconf 93' lang='lat' dir='ltr'>P</span> <span class='ocrx_word' id='word_1_195' title='bbox 735 3864 769 3931; x_wconf 96' lang='lat' dir='ltr'><strong>U</strong></span> <span class='ocrx_word' id='word_1_196' title='bbox 781 3864 812 3928; x_wconf 88' lang='lat' dir='ltr'><strong>T</strong></span> <span class='ocrx_word' id='word_1_197' title='bbox 849 3865 882 3929; x_wconf 92' lang='lat' dir='ltr'>X</span> <span class='ocrx_word' id='word_1_198' title='bbox 895 3866 923 3930; x_wconf 94' lang='lat' dir='ltr'>L</span> <span class='ocrx_word' id='word_1_199' title='bbox 934 3866 967 3931; x_wconf 94' lang='lat' dir='ltr'>V</span> <span class='ocrx_word' id='word_1_200' title='bbox 976 3866 1003 3930; x_wconf 93' lang='lat'>1.</span> 
     </span>
     <span class='ocr_line' id='line_1_26' title="bbox 325 4050 1284 4138; baseline 0.004 -23"><span class='ocrx_word' id='word_1_201' title='bbox 325 4050 377 4115; x_wconf 87' lang='lat' dir='ltr'>Da</span> <span class='ocrx_word' id='word_1_202' title='bbox 397 4051 536 4136; x_wconf 76' lang='lat' dir='ltr'>aliorsus</span> <span class='ocrx_word' id='word_1_203' title='bbox 549 4051 669 4135; x_wconf 81' lang='lat' dir='ltr'>plebeii</span> <span class='ocrx_word' id='word_1_204' title='bbox 679 4051 851 4133; x_wconf 86' lang='lat' dir='ltr'>familiola</span> <span class='ocrx_word' id='word_1_205' title='bbox 875 4052 993 4118; x_wconf 83' lang='lat' dir='ltr'>Sancti</span> <span class='ocrx_word' id='word_1_206' title='bbox 1005 4052 1172 4138; x_wconf 74' lang='lat' dir='ltr'>prophetia</span> <span class='ocrx_word' id='word_1_207' title='bbox 1204 4052 1284 4119; x_wconf 86' lang='lat' dir='ltr'>Viri.</span> 
     </span>
    </p>
   </div>
   <div class='ocr_carea' id='block_1_8' title="bbox 221 4226 1393 4414">
    <p class='ocr_par' dir='ltr' id='par_1_8' title="bbox 221 4226 1393 4414">
     <span class='ocr_line' id='line_1_27' title="bbox 221 4226 1392 4309; baseline 0.004 -19"><span class='ocrx_word' id='word_1_208' title='bbox 221 4226 319 4291; x_wconf 79' lang='lat' dir='ltr'>ALIO</span> <span class='ocrx_word' id='word_1_209' title='bbox 344 4246 477 4309; x_wconf 90' lang='lat' dir='ltr'>quoque</span> <span class='ocrx_word' id='word_1_210' title='bbox 503 4226 536 4289; x_wconf 91' lang='lat' dir='ltr'>in</span> <span class='ocrx_word' id='word_1_211' title='bbox 559 4235 718 4309; x_wconf 89' lang='lat' dir='ltr'>tempore,</span> <span class='ocrx_word' id='word_1_212' title='bbox 740 4226 876 4308; x_wconf 91' lang='lat' dir='ltr'>quidam</span> <span class='ocrx_word' id='word_1_213' title='bbox 900 4226 984 4290; x_wconf 90' lang='lat' dir='ltr'>inter</span> <span class='ocrx_word' id='word_1_214' title='bbox 1006 4236 1143 4290; x_wconf 88' lang='lat' dir='ltr'>caeteros</span> <span class='ocrx_word' id='word_1_215' title='bbox 1165 4227 1207 4291; x_wconf 92' lang='lat' dir='ltr'>ad</span> <span class='ocrx_word' id='word_1_216' title='bbox 1224 4226 1392 4295; x_wconf 85' lang='lat' dir='ltr'>Sanctum</span> 
     </span>
     <span class='ocr_line' id='line_1_28' title="bbox 221 4330 1393 4414; baseline 0.005 -21"><span class='ocrx_word' id='word_1_217' title='bbox 221 4330 368 4414; x_wconf 89' lang='lat' dir='ltr'>plebeius</span> <span class='ocrx_word' id='word_1_218' title='bbox 383 4332 474 4394; x_wconf 92' lang='lat' dir='ltr'>venit</span> <span class='ocrx_word' id='word_1_219' title='bbox 491 4331 522 4393; x_wconf 89' lang='lat' dir='ltr'>in</span> <span class='ocrx_word' id='word_1_220' title='bbox 540 4330 613 4394; x_wconf 91' lang='lat' dir='ltr'>loco</span> <span class='ocrx_word' id='word_1_221' title='bbox 629 4330 854 4414; x_wconf 86' lang='lat' dir='ltr'>hospitantem</span> <span class='ocrx_word' id='word_1_222' title='bbox 871 4331 926 4412; x_wconf 90' lang='lat' dir='ltr'>qui</span> <span class='ocrx_word' id='word_1_223' title='bbox 944 4331 1089 4397; x_wconf 91' lang='lat' dir='ltr'>Scottice</span> <span class='ocrx_word' id='word_1_224' title='bbox 1110 4332 1275 4395; x_wconf 87' lang='lat' dir='ltr'>vocitatur</span> <span class='ocrx_word' id='word_1_225' title='bbox 1289 4331 1393 4399; x_wconf 85' lang='lat' dir='ltr'>Coire</span> 
     </span>
    </p>
   </div>
   <div class='ocr_carea' id='block_1_9' title="bbox 480 4566 1091 4641">
    <p class='ocr_par' dir='ltr' id='par_1_9' title="bbox 480 4566 1091 4641">
     <span class='ocr_line' id='line_1_29' title="bbox 480 4566 1091 4641; baseline 0.008 -24"><span class='ocrx_word' id='word_1_226' title='bbox 480 4573 490 4600; x_wconf 87' lang='lat'><em>¹</em></span> <span class='ocrx_word' id='word_1_227' title='bbox 505 4566 645 4635; x_wconf 74' lang='lat' dir='ltr'>Explrined</span> <span class='ocrx_word' id='word_1_228' title='bbox 656 4567 690 4637; x_wconf 79' lang='lat' dir='ltr'>by</span> <span class='ocrx_word' id='word_1_229' title='bbox 701 4567 747 4621; x_wconf 88' lang='lat' dir='ltr'>Dr.</span> <span class='ocrx_word' id='word_1_230' title='bbox 762 4570 859 4623; x_wconf 82' lang='lat' dir='ltr'>Reeves</span> <span class='ocrx_word' id='word_1_231' title='bbox 870 4585 898 4620; x_wconf 78' lang='lat' dir='ltr'>es</span> <span class='ocrx_word' id='word_1_232' title='bbox 908 4585 924 4621; x_wconf 84' lang='lat' dir='ltr'>a</span> <span class='ocrx_word' id='word_1_233' title='bbox 934 4568 1000 4631; x_wconf 85' lang='lat' dir='ltr'>klln,</span> <span class='ocrx_word' id='word_1_234' title='bbox 1011 4585 1037 4641; x_wconf 86' lang='lat' dir='ltr'>p.</span> <span class='ocrx_word' id='word_1_235' title='bbox 1050 4566 1091 4623; x_wconf 84' lang='lat'>88.</span> 
     </span>
    </p>
   </div>
   <div class='ocr_carea' id='block_1_10' title="bbox 0 0 1618 5520">
    <p class='ocr_par' dir='ltr' id='par_1_10' title="bbox 0 0 1618 5520">
     <span class='ocr_line' id='line_1_30' title="bbox 0 0 1618 5520; baseline 0 0"><span class='ocrx_word' id='word_1_236' title='bbox 0 0 1618 5520; x_wconf 95' lang='lat' dir='ltr'> </span> 
     </span>
    </p>
   </div>
  </div>
 </body>
</html>
