3226 5520
606 458 922 539 COLUMBAE.
1305 479 1344 545 91

183 666 274 751 pieta
287 676 381 734 sunt
427 667 516 733 Nam
541 665 706 747 Asturius,
721 677 755 731 et
772 667 941 732 Echodius
964 666 1059 744 Find,
1075 686 1142 730 non
1157 665 1259 751 longo
1274 677 1351 751 post

182 772 341 856 temporis
371 771 553 849 intervallo,
580 772 780 839 Miatorurn¹
806 771 956 855 superius
983 780 1167 839 memorato
1194 771 1227 838 in
1255 771 1352 851 bello,

182 876 336 941 trucidati
352 886 437 942 sunt.
484 877 725 960 Domingartus
747 897 826 942 vero
841 877 874 940 in
892 876 1042 943 Saxonia
1058 876 1177 941 bellica
1191 876 1224 940 in
1241 885 1352 961 strage

182 978 373 1051 interiectus
384 990 456 1045 est:
472 979 643 1047 Echodius
657 989 771 1046 autem
787 980 911 1046 Buide²
924 989 1003 1064 post
1017 991 1145 1064 patrem
1162 980 1196 1046 in
1211 1001 1351 1066 regnum

182 1083 361 1149 successit³

707 1323 828 1349 -ι-

626 1505 823 1581 CAPUT
862 1507 909 1577 x.

536 1676 876 1762 nenomnaznfiza
898 1678 996 1744 Am.

184 1849 424 1915 DOMNALLUS
444 1846 530 1913 filius
547 1848 647 1928 Aido,
670 1848 780 1914 adhuc
797 1868 888 1933 puer,
910 1849 953 1914 ad
976 1856 1129 1914 sanctum
1153 1847 1353 1915 Columbam

184 1953 218 2016 in
234 1952 344 2017 Dorso
360 1951 458 2018 Cete²
477 1972 536 2036 per
551 1953 729 2017 nutritores
750 1953 916 2018 adductus
938 1961 998 2031 est,
1013 1972 1112 2037 quem
1134 1953 1266 2017 intuens
1282 1971 1355 2036 per-

183 2064 367 2135 cunctatur,
393 2057 567 2141 inquiens:
603 2056 707 2141 Cujus
733 2066 785 2122 est
814 2054 901 2122 filius
930 2056 984 2121 hic
1010 2076 1110 2141 quem
1140 2056 1355 2121 adduxistis?

186 2160 255 2225 Illis
271 2161 569 2244 respondentibus:
593 2161 661 2235 Hic
681 2170 735 2227 est
757 2159 959 2240 Domnallus
975 2159 1060 2225 filius
1073 2160 1174 2239 Aido,
1189 2161 1246 2244 qui
1262 2159 1305 2224 ad
1321 2169 1355 2224 te

183 2265 261 2330 ideo
275 2266 455 2349 perductus
471 2276 532 2344 est,
547 2275 584 2331 ut
599 2275 658 2330 tua
674 2267 788 2330 redeat
811 2265 1043 2331 benedictione
1064 2266 1199 2330 ditatus.
1244 2264 1355 2349 Quem

183 2388 259 2440 cum
276 2368 420 2434 Sanctus
436 2369 672 2447 benedixisset,
687 2371 847 2435 continuo
862 2370 931 2434 ait:
952 2368 1018 2434 Hic
1034 2378 1111 2454 post
1126 2387 1224 2452 super
1236 2386 1356 2436 ,omnes

183 2493 262 2538 suos
277 2471 393 2538 iratres
408 2482 575 2557 superstes
590 2475 661 2552 erit,
676 2482 709 2538 et
724 2494 785 2538 rex
800 2472 898 2538 valde
918 2471 1065 2538 famosus
1077 2485 1102 2552 ;²
1124 2492 1185 2536 nec
1208 2489 1355 2555 unquam

184 2578 217 2640 in
234 2596 352 2642 manus
367 2578 577 2643 inimicorum
593 2579 750 2656 tradetur,
766 2580 824 2643 sed
841 2586 948 2643 morte
968 2576 1110 2661 placida,
1125 2577 1159 2640 in
1175 2583 1355 2653 senectute,

184 2691 218 2747 et
233 2683 320 2747 intrat
334 2683 473 2748 domum
489 2703 594 2761 suam,
610 2702 721 2747 coram
745 2683 927 2748 amicorum
952 2680 1163 2746 familiarium
1180 2679 1287 2756 turba,
1302 2699 1355 2743 su-

183 2807 243 2870 per
257 2806 354 2851 suum
371 2788 529 2852 morietur
545 2787 675 2852 lectum.
722 2786 809 2871 Quae
831 2787 945 2851 omnia
968 2785 1151 2851 secundum
1167 2784 1257 2849 beati
1272 2782 1355 2849 vati-

184 2891 307 2955 cinium
322 2890 382 2956 viri
398 2892 441 2956 de
456 2911 497 2956 eo
511 2911 588 2957 vere
603 2891 787 2976 adimpleta
803 2900 888 2956 sunt

605 3294 679 3362 CA
694 3294 719 3358 P
734 3294 766 3360 U
779 3294 810 3358 Τ
848 3293 881 3358 X
897 3293 929 3358 Ι.
1310 3321 1370 3428 V

504 3464 557 3530 De
580 3456 766 3537 Scandlaio
777 3465 855 3551 filio
879 3463 1035 3534 colmani.

186 3653 322 3720 EODEM
338 3660 489 3738 tempore
512 3653 665 3731 Sanctus,
684 3662 718 3731 et
741 3652 774 3717 in
797 3653 916 3718 eodem
935 3650 1018 3730 loco,
1041 3651 1084 3717 ad
1106 3649 1356 3730 Scandianum,¹

185 3755 289 3822 filium
306 3755 470 3837 Colmani,
484 3757 574 3842 apud
591 3756 719 3823 Aidum
742 3776 854 3841 regem
878 3757 912 3820 in
935 3755 1075 3822 vinculis
1090 3764 1266 3836 retentum,
1280 3755 1356 3820 visi·

218 3988 392 4054 ¹mieitorum,
406 3992 435 4047 B.

217 4071 400 4138 =Tighemech
413 4073 537 4125 mentions
554 4080 605 4124 two
621 4072 693 4125 other
709 4087 776 4134 aona,
795 4069 853 4140 via,
872 4072 948 4134 Bran,
967 4068 1032 4127 thiu
1049 4068 1077 4137 in
1094 4068 1151 4150 596,
1170 4069 1220 4134 and
1239 4069 1355 4134 Com,

184 4154 304 4207 drowned
316 4156 342 4206 in
352 4156 409 4207 622.
447 4157 490 4208 He
501 4157 522 4208 is
534 4157 587 4208 ulto
599 4156 653 4207 said
664 4164 691 4207 to
701 4156 766 4207 have
777 4154 827 4206 bad
840 4170 915 4206 seven
931 4169 997 4204 aona

217 4238 275 4290 sln
291 4239 346 4290 60⁶.

217 4326 226 4355 ¹
243 4321 330 4371 Druim
343 4321 416 4373 Ceett
429 4321 454 4372 in
467 4321 656 4387 Londonderry.

218 4417 229 4445 ¹
245 4405 287 4454 lle
298 4405 434 4455 succeeded
446 4404 560 4457 Suibbne
571 4405 666 4455 Meann
678 4403 704 4454 in
715 4401 772 4465 628,
786 4403 836 4453 and
848 4417 904 4453 von
921 4402 964 4453 the
981 4400 1060 4451 battle
1076 4399 1105 4450 ol
1121 4397 1313 4451 Dan-Ceitbem
1331 4397 1357 4447 iu

185 4489 242 4552 629,
256 4486 306 4537 and
319 4487 362 4538 the
373 4487 452 4538 battle
464 4487 493 4537 ol
504 4488 582 4552 Magn
595 4488 663 4538 Rath
675 4487 700 4537 in
712 4486 768 4551 637.

220 4578 229 4607 ¹
246 4570 352 4636 Usually
362 4570 444 4622 called
455 4571 582 4622 Scannlan
595 4569 660 4638 Mor,
674 4585 720 4622 aon
731 4569 760 4623 ol
769 4567 942 4625 Cennlaeladh.
