3226 5520
350 477 412 546 170
642 461 787 528 VITA
827 460 1132 529 II.-LIBER
1169 459 1229 527 11.

730 846 936 916 CAPUT
973 846 1137 914 XLIII.

343 1058 396 1123 De
419 1055 619 1123 Venerabilis
642 1055 718 1122 Vin·
730 1055 766 1120 in
780 1075 880 1120 neren
901 1055 1056 1120 evectione
1068 1054 1187 1141 absque
1203 1053 1376 1122 neminem
1390 1055 1521 1121 obicem

807 1160 1059 1227 communitione.

346 1338 444 1400 ALIO
470 1333 503 1398 in
530 1343 689 1419 tempore,
713 1353 789 1397 eum
819 1333 853 1397 in
881 1332 995 1400 Scotia
1024 1354 1084 1416 per
1112 1332 1239 1416 aliquot
1267 1333 1340 1398 dles
1369 1332 1521 1400 Sanctus

345 1447 601 1515 conversaretur,
646 1437 811 1520 aliquibus
855 1437 1084 1501 ecclesiasticis
1129 1437 1327 1503 utilitatibus
1370 1448 1522 1518 coactus,

346 1562 477 1608 currum
501 1542 544 1606 ab
569 1562 610 1606 eo
637 1543 727 1625 prius
754 1541 965 1606 benedictum
989 1543 1138 1607 ascendit
1161 1542 1335 1626 junctum3
1364 1543 1425 1607 sed
1450 1563 1521 1608 non

346 1646 477 1711 Insertis
499 1647 615 1730 primo,
638 1667 706 1728 qua
727 1646 930 1730 negligentia
949 1646 1128 1710 accedente
1149 1646 1301 1724 nescitur,
1320 1647 1520 1711 necessariis

346 1751 496 1815 obicibus
523 1771 582 1835 per
607 1751 723 1814 axium
750 1760 903 1814 extrema
926 1749 1094 1814 foramina
1150 1749 1233 1814 Erat
1257 1759 1370 1815 autem
1395 1751 1521 1816 eadem

346 1856 476 1921 diecula
492 1854 720 1922 Columbanus
735 1853 821 1918 filius
838 1854 990 1932 Echudi,¹
1003 1855 1053 1918 vir
1067 1862 1210 1932 sanctus,
1222 1853 1309 1919 illius
1324 1856 1522 1920 monasterii

347 1959 503 2024 fundator
513 1959 602 2041 quod
615 1957 748 2024 Scotica
758 1957 923 2022 vocitatur
938 1957 1051 2040 lingua
1064 1956 1294 2036 Suam-luthir,
1305 1957 1362 2041 qui
1376 1977 1521 2042 operam

347 2065 471 2146 auriga
494 2063 527 2126 ln
553 2063 672 2127 eodem
698 2061 860 2126 curriculo
885 2082 962 2126 cum
995 2072 1112 2126 sancto
1137 2062 1315 2127 exercebat
1341 2061 1522 2129 columba

347 2167 426 2231 Fuit
441 2167 553 2249 itaque
568 2166 643 2230 talis
664 2165 813 2247 ejusdem
834 2165 974 2247 agitatio
988 2165 1054 2229 diei
1076 2185 1136 2248 per
1150 2164 1252 2249 longa
1264 2165 1391 2229 viarum
1407 2167 1525 2250 spatia

347 2271 418 2335 sine
434 2270 502 2335 ulla
516 2281 663 2335 rotarum
680 2269 994 2352 humerulorumque
1016 2269 1225 2352 separatione
1247 2269 1316 2334 sive
1338 2269 1524 2335 labefacta·

347 2376 446 2452 tione,
462 2373 561 2454 nulla,
576 2383 614 2438 ut
635 2394 736 2457 supra
757 2374 884 2438 dictum
911 2383 970 2452 est,
985 2372 1118 2437 obicum
1146 2373 1329 2440 retentione
1350 2374 1402 2439 vel
1426 2394 1524 2439 com-

348 2479 531 2542 munitione
554 2477 723 2541 retinente.
774 2476 841 2543 Sed
865 2475 936 2540 sola
958 2475 1037 2540 diali
1060 2477 1106 2540 sic
1128 2478 1319 2542 venerando
1336 2487 1527 2561 praestante

348 2581 455 2664 gratia
470 2582 549 2658 viro,
564 2590 602 2645 ut
621 2599 743 2656 currus,
758 2580 810 2643 cui
834 2580 998 2644 insederat
1014 2579 1196 2660 salubriter,
1217 2579 1343 2666 absque
1364 2580 1436 2647 ulla
1458 2583 1526 2647 im-

348 2686 632 2769 peditione„recta
647 2683 813 2748 incederet
828 2683 943 2747 orbita

394 2789 472 2853 Huc
496 2809 601 2871 usque
631 2790 674 2852 de
698 2788 858 2852 virtutum
886 2787 1051 2852 miraculis
1077 2808 1153 2871 quae
1182 2809 1241 2873 per
1269 2789 1526 2873 praedicabilem

345 2894 461 2972 virum,
476 2894 510 2957 in
526 2893 682 2976 praesenti
698 2901 950 2956 conversantem
965 2893 1043 2969 vita,
1058 2893 1170 2956 divina
1189 2902 1326 2976 operata
1341 2903 1393 2958 est
1409 2897 1527 2960 omni·

348 2998 508 3081 potentia,
523 2997 691 3080 scripsisse
706 2995 854 3060 sufficiat.
909 2996 1008 3060 Nune
1029 2996 1129 3061 etiam
1145 2996 1300 3079 quaedam
1315 2996 1359 3061 de
1373 2996 1428 3062 his
1443 3020 1526 3082 quae

348 3111 426 3185 post
452 3102 523 3184 ejus
553 3103 595 3165 de
628 3120 727 3164 carne
761 3100 937 3163 transitum
971 3100 1001 3163 ei
1034 3100 1182 3166 Domino
1214 3102 1339 3167 donata
1366 3122 1527 3188 compro-

349 3206 479 3285 bantur,
494 3225 601 3289 pauca
615 3214 693 3270 sunt
708 3204 1008 3269 commemoranda

740 3591 942 3659 CAPUT
980 3593 1136 3661 XLIV.

350 3785 402 3850 De
417 3782 537 3868 pluuia
551 3792 628 3867 post
648 3783 771 3867 aliquot
791 3783 946 3849 siccitatis
966 3805 1096 3865 menses,
1111 3785 1210 3851 Beati
1221 3785 1259 3853 ob
1272 3785 1424 3852 honorem
1450 3788 1534 3856 Viri

436 3900 533 3972 super
543 3889 713 3966 sitientem,
724 3889 867 3953 Domino
881 3889 1026 3969 donante,
1039 3900 1161 3955 terram
1176 3891 1285 3975 effusa
1316 3890 1532 3960 Mirandum

383 4145 392 4171 ι
409 4131 457 4178 See
470 4129 502 4187 I.,
516 4128 540 4186 5,
554 4136 639 4192 supra.

383 4217 392 4243 ¹
408 4209 450 4257 He
462 4223 513 4255 was
524 4207 664 4256 deseended
677 4207 740 4255 hom
753 4206 899 4270 Laeghaire,
910 4222 956 4257 son
968 4207 997 4257 oi
1006 4208 1076 4257 Niall
1087 4207 1116 4258 oi
1128 4208 1170 4258 the
1183 4208 1251 4259 Nine
1264 4208 1396 4273 Hostnges
1436 4211 1469 4261 In
1482 4214 1531 4268 the

349 4293 404 4342 Lite
416 4291 445 4340 oi
458 4291 494 4340 St.
512 4290 605 4340 Fechin
616 4290 648 4339 he
660 4290 680 4339 is
693 4291 850 4353 represented
862 4306 889 4339 as
901 4291 972 4340 blind
985 4290 1022 4340 sor
1033 4307 1048 4340 a
1060 4292 1119 4355 long
1132 4290 1199 4351 time,
1214 4291 1264 4341 aud
1280 4306 1308 4340 as
1319 4290 1396 4356 being
1406 4296 1486 4344 eured
1499 4299 1535 4348 oi

347 4375 386 4424 his
406 4373 534 4421 blindness
552 4373 586 4436 by
607 4374 643 4421 St.
666 4371 771 4421 Fechin.
805 4372 877 4436 Colg.
898 4374 964 4421 Acta
983 4374 1038 4432 SS.,
1060 4389 1084 4437 p.
1110 4372 1163 4435 136,
1185 4388 1207 4423 e.
1231 4389 1290 4424 xxx.
1326 4373 1527 4441 Suam-luthuir,

348 4453 429 4504 which
441 4454 472 4502 he
484 4453 505 4502 is
517 4453 569 4501 said
584 4462 609 4502 to
621 4452 684 4502 have
697 4452 815 4511 founded,
830 4468 880 4502 was
897 4452 922 4502 in
937 4453 1031 4505 Carbre
1043 4455 1153 4516 Gabhra,
1168 4454 1249 4507 which
1261 4453 1282 4506 is
1293 4470 1350 4506 now
1362 4455 1480 4520 Sntlore,
1495 4461 1525 4513 in

347 4537 389 4590 the
401 4535 485 4606 parish
498 4535 527 4585 oi
536 4534 658 4598 Kilmore,
673 4535 774 4600 County
786 4535 883 4586 cavan.
