3226 5520
240 957 397 1060 VlTAE
431 957 707 1081 ANTIQUAE
743 952 1090 1063 SANCTORUM
1127 947 1354 1062 SCOTIAE.

492 1321 1108 1398 v1rAN1N1AN1.¹

672 1661 936 1729 PROLOGUS.

338 1817 482 1884 ULTIS
498 1817 641 1884 virorum
665 1820 864 1903 sapientium
883 1821 939 1903 qui
955 1818 1087 1884 fuerunt
1102 1827 1180 1883 ante
1195 1838 1255 1881 nos
1271 1815 1381 1880 studio

379 1921 441 1985 fuit
463 1931 653 1987 sanctorum
675 1923 778 1987 vitam
802 1943 910 1988 mores
932 1922 1040 2000 verba,
1063 1942 1176 1987 eorum
1202 1922 1383 1986 dumtaxat

219 2024 275 2106 qui
302 2024 369 2088 suis
395 2025 540 2089 claruere
565 2026 778 2110 temporibus,
805 2025 906 2090 literis
933 2027 1022 2103 dare,
1049 2034 1082 2089 et
1111 2025 1154 2089 ad
1181 2023 1383 2108 posteritatis

220 2127 473 2193 aedificationem
489 2130 567 2194 vitae
590 2131 792 2214 perfectioris
818 2130 1011 2214 exemplum
1027 2128 1186 2194 oblivioni
1201 2122 1383 2193 subducere

220 2241 254 2296 et
280 2244 475 2315 perpetuare
502 2235 669 2299 memoria
728 2233 855 2298 Verum
886 2234 928 2312 hi,
954 2234 1074 2316 quibus
1103 2240 1197 2296 erant
1226 2230 1384 2315 praeclara

220 2336 354 2418 ingenia
382 2348 416 2402 et
446 2338 541 2421 copia
571 2339 703 2403 dicendi
738 2338 959 2421 splendorque
988 2336 1195 2420 eloquentiae,
1224 2344 1320 2400 tanto
1349 2334 1383 2399 id

220 2439 332 2504 utilius
342 2443 474 2506 executi
487 2452 564 2508 sunt
575 2451 702 2525 quanto
713 2442 893 2505 venustiori
905 2461 1057 2506 sermone
1069 2461 1163 2504 aures
1176 2440 1382 2505 audientium

220 2545 476 2628 permulcebant.
512 2546 559 2610 Hi
571 2568 649 2610 vero
661 2546 780 2630 quibus
795 2545 840 2610 ob
854 2545 1038 2610 barbariem
1055 2544 1174 2608 natalis
1192 2544 1252 2607 soli
1269 2553 1384 2607 ornate

220 2649 459 2734 artificioseque
499 2651 654 2734 loquendi
693 2650 832 2715 facultas
873 2650 987 2727 defuit,
1024 2669 1138 2714 eorum
1175 2649 1232 2732 qui
1273 2656 1384 2712 essent

220 2753 372 2818 imitandi
394 2755 512 2818 notitia
527 2755 716 2836 simpliciori
740 2754 816 2818 licet
838 2754 915 2817 stilo
930 2764 1079 2837 posteros
1095 2771 1160 2817 non
1177 2751 1382 2815 fraudabant

222 2857 311 2922 Hinc
348 2867 399 2923 est
435 2860 523 2942 quod
561 2859 663 2922 vitam
701 2860 899 2923 sanctissimi
939 2857 1083 2933 Niniani,
1112 2875 1213 2940 quarn
1252 2875 1381 2918 morum

220 2962 378 3027 sanctitas
408 2972 441 3026 et
471 2963 628 3026 miracula
658 2962 746 3025 clara
775 2963 1021 3036 commendant,
1051 2979 1160 3023 sermo
1195 2958 1383 3022 barbaricus

220 3066 429 3144 obscurabat,
459 3075 493 3129 et
529 3086 596 3148 quo
634 3067 744 3129 minus
774 3064 960 3130 delectabat
991 3062 1157 3145 legentem
1195 3082 1236 3125 eo
1273 3062 1382 3125 minus

221 3169 415 3234 aedificabat.
472 3168 600 3234 Placuit
626 3170 763 3252 perinde
792 3179 916 3233 sanctae
946 3167 1122 3231 defectioni
1152 3175 1269 3230 vestrae
1300 3186 1384 3230 meae

221 3275 375 3358 parvitati
392 3273 424 3338 id
441 3274 549 3337 oneris
565 3275 732 3357 inponere,
748 3284 784 3338 ut
800 3274 971 3338 clarissimi
987 3273 1046 3336 viri
1061 3272 1175 3348 vitam,
1190 3271 1297 3335 veraci
1313 3270 1384 3353 qui·

221 3377 298 3441 dem
314 3377 371 3440 sed
388 3376 486 3441 nimis
502 3378 673 3442 barbarico
689 3398 708 3440 a
723 3378 885 3461 prioribus
901 3387 1072 3441 exaratam
1096 3376 1181 3452 stilo,
1197 3395 1217 3438 a
1232 3393 1384 3439 sermone

221 3480 344 3544 rustico
365 3482 460 3563 quasi
482 3501 503 3545 a
529 3482 728 3563 quibusdam
755 3482 899 3545 tenebris
926 3501 1041 3545 eruens
1066 3481 1098 3543 in
1123 3478 1228 3543 lucem
1255 3478 1385 3542 Latinae

221 3583 396 3648 locutionis
418 3585 566 3650 educam.
622 3585 820 3669 Amplector
848 3586 1068 3663 devotionem,
1097 3584 1297 3649 desiderium
1327 3602 1384 3666 ap·

221 3687 335 3770 probe,
351 3686 451 3752 laudo
466 3688 710 3759 emulationem
746 3689 812 3756 Sed
830 3691 898 3754 scio
911 3690 1109 3772 imperitiam
1126 3707 1245 3766 meam,
1256 3706 1385 3751 vereor-

222 3810 286 3873 que
315 3811 357 3856 ne
382 3811 459 3856 eum
485 3792 654 3858 vilioribus
681 3794 714 3858 in
745 3794 865 3877 quibus
894 3793 1054 3859 hactenus
1084 3793 1238 3858 latitabat
1266 3792 1385 3876 pannis

221 3894 400 3978 expoliem,
430 3916 490 3961 nec
520 3896 602 3962 alios
632 3899 665 3962 in
698 3898 818 3982 quibus
853 3899 999 3964 ornatior
1031 3905 1192 3981 appareat
1228 3894 1385 3960 adbibere

221 3997 389 4066 sufficiam.
448 4000 585 4082 Verum,
615 4003 693 4087 quia
730 4022 851 4085 negare
885 4022 951 4067 non
981 4022 1117 4086 possum
1147 3999 1303 4084 quicquid
1336 3999 1384 4063 in·

218 4102 369 4188 jungitis,
383 4106 537 4189 experiar
551 4126 626 4190 quae
645 4105 778 4190 jubetis,
795 4106 921 4172 malens
936 4127 956 4172 a
971 4107 1065 4171 vobis
1087 4104 1269 4190 imperitior
1283 4122 1384 4187 quam

221 4208 418 4273 obstinatior
439 4208 587 4293 judicari
634 4212 734 4276 Forte
760 4212 848 4276 enim
871 4212 960 4295 quod
985 4210 1150 4295 imperitia
1172 4217 1280 4292 negat,
1303 4206 1385 4271 fides

221 4320 331 4377 vestra
346 4314 515 4397 prestabit,
529 4315 720 4399 impetrabit
738 4316 853 4393 oratio,
869 4315 1027 4379 sanctitas
1049 4312 1219 4379 obtinebit
1264 4311 1386 4375 Aderit

256 4506 265 4534 ¹
279 4494 335 4547 The
352 4495 408 4548 MS.
427 4496 454 4547 in
470 4497 513 4549 the
530 4496 623 4549 urituh
640 4499 755 4549 Muscum
767 4497 846 4560 (Cott.
866 4497 935 4560 Tib..
949 4497 982 4548 D.
997 4497 1043 4560 iit,
1056 4495 1102 4549 fol.
1119 4495 1232 4558 18b192,
1249 4510 1305 4546 aaa
1320 4493 1385 4556 xiii.)

221 4577 267 4630 bu
278 4585 304 4630 at
315 4578 358 4631 tlte
369 4578 506 4647 minninq
516 4579 560 4632 tlte
570 4579 699 4648 following
710 4580 810 4632 rubricr
831 4579 949 4648 “Incipit
960 4579 1012 4632 vita
1023 4579 1109 4633 Sancti
1121 4576 1225 4630 Niniaui
1236 4575 1348 4644 episcopi
1359 4584 1385 4628 et

222 4661 369 4714 confamuli
379 4662 413 4714 ab
422 4661 533 4715 Aelredo
544 4663 703 4716 Riemllmoe
713 4663 805 4716 abbate
816 4663 849 4716 de
860 4662 970 4730 Ansslleo
980 4662 1007 4714 iu
1018 4661 1136 4715 latinum
1147 4657 1293 4714 nausiet&
