3226 5520
486 1101 715 1164 INCIPIUNT
736 1102 953 1165 CAPITULA
973 1102 1122 1164 TERTII
1146 1104 1274 1166 LIBRI.

298 1335 346 1397 De
360 1335 511 1413 Angelicis
525 1336 770 1414 Apparitionibus
783 1356 851 1416 quae
864 1339 911 1399 vel
932 1339 996 1399 aliis
1010 1337 1049 1400 de
1063 1336 1152 1400 beato
1165 1339 1237 1413 viro,
1251 1338 1299 1399 vel
1312 1337 1415 1400 eidem
1428 1338 1471 1399 de

376 1435 450 1508 aliis,
465 1434 601 1494 revelatae
615 1445 692 1496 sunt.

298 1533 346 1592 De
361 1532 468 1609 angelo
490 1533 621 1606 Domini,
637 1533 689 1610 qui
708 1533 773 1610 ejus
793 1535 934 1612 genetrici
955 1535 986 1594 in
1007 1535 1120 1596 somnis
1140 1545 1209 1613 post
1228 1535 1321 1613 ipsius
1334 1535 1368 1596 iu
1380 1545 1470 1596 utero

376 1630 604 1706 conceptionem
624 1633 768 1707 apparuit.

297 1729 345 1789 De
358 1728 442 1788 radio
456 1728 606 1787 luminoso
620 1745 708 1805 super
722 1729 895 1790 dormientis
906 1730 997 1807 ipsius
1011 1731 1095 1808 pueri
1109 1731 1215 1792 faciem
1228 1731 1300 1792 viso.

297 1827 345 1887 De
357 1827 530 1904 angelorum
542 1827 728 1904 apparitione
743 1838 921 1902 sanctorum,
937 1848 1013 1906 quos
1028 1840 1148 1890 sanctus
1162 1830 1371 1904 ammanus,
1383 1826 1469 1890 beati

376 1925 501 1986 comites
514 1925 577 1998 viri,
592 1943 644 2001 per
658 1944 798 2002 campum
813 1927 926 1987 viderat
940 1939 1152 1990 commeantes.

296 2025 344 2084 De
357 2025 464 2101 angelo
484 2023 616 2097 Domini,
638 2041 730 2100 quern
750 2035 870 2085 sanctus
892 2026 1018 2084 Ferrum
1038 2024 1118 2086 beati
1142 2026 1196 2086 viri
1217 2026 1332 2087 socium
1353 2027 1469 2087 itineris

375 2122 456 2182 vidit.

296 2221 343 2281 De
357 2221 464 2296 angelo
479 2220 612 2293 Domini,
628 2220 681 2296 qui
694 2220 733 2280 ad
754 2232 890 2280 sanctum
912 2220 1105 2296 Comum,
1129 2222 1161 2282 in
1182 2219 1298 2283 Himba
1316 2240 1468 2283 commor-

375 2329 476 2377 antem
493 2318 589 2376 insula
609 2335 662 2393 per
681 2319 777 2378 visum
798 2321 942 2396 apparuit,
965 2321 1072 2380 missus
1093 2332 1127 2381 ut
1147 2323 1305 2383 Arborum
1318 2321 1351 2381 in
1364 2339 1468 2400 regem

374 2417 531 2477 ordinaret.

295 2517 343 2576 De
369 2517 542 2592 angelorum
569 2514 755 2590 apparitione
788 2517 913 2593 alicujus
948 2517 1091 2577 Brittonis
1125 2517 1256 2577 animam
1282 2515 1322 2578 ad
1352 2518 1465 2578 coelum

373 2614 555 2674 vehentium.

295 2713 344 2772 De
357 2714 530 2789 angelorum
545 2716 671 2776 revelata
685 2715 783 2775 eidem
805 2723 909 2773 sancto
929 2714 993 2773 viro
1013 2714 1135 2788 visione,
1157 2713 1210 2791 qui
1229 2714 1362 2774 animam
1374 2714 1467 2774 alicu·

373 2811 422 2886 jus
438 2812 608 2872 Dronurru
623 2813 662 2873 ad
676 2813 785 2872 coelum
801 2809 960 2871 ducebant.

295 2909 343 2968 De
355 2909 530 2985 angelorum
548 2922 651 2970 contra
671 2910 824 2970 daemones
844 2909 912 2969 forti
933 2907 1162 2986 belligeratione,
1185 2909 1295 2970 Sancto
1308 2909 1341 2968 in
1354 2909 1465 2970 eodem

375 3005 455 3067 bello
470 3021 636 3085 opportune
651 3007 898 3069 subvenientium.

296 3106 344 3165 De
371 3107 544 3182 angelorum
572 3107 763 3183 apparitione,
790 3125 865 3182 quos
890 3106 933 3165 vir
962 3106 1019 3165 Dei
1043 3106 1156 3166 viderat
1179 3106 1304 3183 alicujus
1330 3105 1464 3164 animam

376 3205 497 3265 nomine
512 3206 669 3280 Couuussr,
683 3204 756 3265 fabri
771 3206 887 3277 ferrarii,
902 3205 1086 3265 Coruuronu
1098 3216 1306 3282 cognomento,
1318 3205 1358 3265 ad
1368 3205 1464 3264 coelos

373 3303 505 3363 evehere.

296 3399 343 3459 De
357 3401 529 3476 angelorum
545 3402 632 3461 simili
647 3402 769 3474 visione,
792 3419 867 3477 quos
888 3401 932 3459 vir
952 3399 1056 3461 beatus
1077 3412 1229 3477 aspexerat
1244 3401 1370 3478 alicujus
1384 3399 1465 3462 bene

374 3510 495 3558 moratae
510 3500 627 3560 feminae
641 3501 772 3559 animam
786 3500 825 3559 ad
840 3500 949 3558 coelum
971 3499 1052 3559 ferre.

294 3597 341 3655 De
355 3598 527 3674 angelorum
541 3600 725 3675 apparitione
739 3609 917 3670 sanctorum,
938 3616 1015 3675 quos
1036 3609 1155 3657 sanctus
1177 3598 1334 3659 Coruum
1356 3595 1464 3657 obvios

372 3696 403 3753 in
418 3698 541 3756 transitu
555 3699 668 3757 viderat
683 3697 762 3758 beati
782 3698 954 3756 Baranam
976 3697 1091 3769 animae,
1114 3697 1192 3756 illius
1213 3697 1383 3756 monasterii
1398 3697 1465 3755 iun·

373 3794 483 3854 datoris
498 3797 581 3872 quod
596 3797 725 3857 Scottice
740 3797 822 3855 Birra
837 3806 1032 3871 nuncupatur.

295 3892 342 3951 De
363 3894 536 3969 angelorum
560 3895 674 3955 visione
699 3905 878 3966 sanctorum,
903 3894 955 3969 qui
980 3894 1073 3952 sancti
1098 3894 1292 3955 Columnam
1316 3893 1462 3970 episcopi,

375 3992 570 4069 Moculoigse,
586 3994 718 4051 animam
731 3993 770 4052 ad
785 3993 894 4051 coeium
909 4002 1073 4051 evexerant.

294 4091 342 4148 De
356 4091 527 4166 angelorum
542 4092 726 4167 apparitione
743 4091 794 4166 qui
813 4089 932 4150 obviam
953 4087 1109 4149 animabus
1130 4088 1224 4148 sancti
1245 4087 1464 4148 monachorum

373 4188 541 4248 Comuntur
556 4188 780 4248 descenderant.

293 4286 341 4346 De
354 4288 534 4364 angelorum·
543 4286 781 4346 manifestatione
797 4285 921 4362 alicujus
944 4285 1129 4345 Emcunrrru
1142 4284 1251 4345 animae
1263 4282 1462 4345 obviantium.

774 4578 784 4605 ¹
798 4565 918 4628 emdathi,
934 4566 963 4616 B.
