3226 5520
567 480 879 553 COLUMBAE.
1244 493 1303 561 ιη

143 691 190 753 De
204 693 262 752 alio
277 712 413 771 paupere,
434 693 551 770 plebeio
573 694 720 768 mendico,
735 694 784 753 cui
805 697 939 766 Sanctus,
961 693 1066 754 sudem
1082 692 1200 767 iaciens,
1218 693 1304 753 beno

219 789 301 865 dixit,
317 791 355 852 ad
369 791 495 853 serarum
507 791 721 870 jugulationem
736 790 920 853 silvestrium.

141 889 267 950 Dentre
281 887 409 962 lactario,
424 907 516 968 quern
530 889 612 950 unda
626 889 713 950 maris
726 889 857 963 abduxit,
873 900 903 950 et
916 888 1031 950 reduxit
1045 889 1085 950 ad
1098 899 1213 951 terram.

141 986 189 1047 De
203 987 350 1047 Lrsanrro
364 988 600 1049 Haaunnrusrr
615 988 708 1048 sancti
722 986 910 1065 prophetatio
923 986 985 1047 viri

141 1084 190 1146 De
203 1085 335 1164 quadam
350 1083 530 1159 muliercula,
545 1103 667 1165 magnas
687 1096 717 1147 et
737 1086 824 1147 valde
844 1084 1023 1147 difficiliores
1036 1082 1235 1167 parturitionis
1249 1094 1306 1147 tor·

220 1182 317 1245 tiones
332 1202 425 1262 passa,
440 1194 471 1245 et
485 1194 594 1245 sanata

140 1283 189 1344 Dc
202 1283 330 1363 coniuge
345 1283 471 1344 Lucrsnr
485 1281 583 1345 odiosi
596 1280 807 1361 gubernatoris.

140 1381 188 1442 De
223 1382 380 1443 Coarrnco
414 1382 534 1460 Nepote
571 1383 729 1458 Larisam,
763 1391 794 1445 ct
831 1381 896 1460 eius
930 1378 1175 1460 navigationibus,
1210 1378 1304 1442 sancti

220 1480 386 1541 cornuin
399 1478 594 1559 prophetatio.

140 1576 189 1637 Dc
202 1575 376 1638 venerabilis
394 1575 447 1637 viri
468 1575 499 1638 in
519 1596 607 1638 curru
619 1577 782 1654 evectione,
796 1576 912 1656 abmue
925 1574 1076 1639 currilium
1089 1573 1210 1639 obicum
1224 1594 1304 1637 com-

222 1676 394 1737 munitione„

140 1773 188 1835 De
201 1771 301 1850 pluvia
315 1784 382 1852 post
395 1775 509 1853 aliquot
522 1772 661 1837 siccitatis
678 1793 803 1851 menses,
819 1774 898 1836 beati
919 1773 960 1836 ob
980 1774 1126 1836 honorem
1139 1771 1201 1850 viri,
1217 1791 1305 1853 super

222 1870 378 1947 sitientem,
396 1873 529 1936 Domino
542 1874 683 1947 donante,
699 1884 807 1935 terram
821 1873 921 1935 effusa

141 1968 320 2031 Miraculum
344 1972 427 2050 quod
451 1991 540 2047 nunc,
567 1974 635 2034 Deo
658 1970 793 2049 propitio,
819 1970 986 2032 describere
1007 1967 1173 2049 incipimus,
1198 1969 1305 2032 nostris

221 2068 403 2148 temporibus
416 2070 536 2144 facturn,
551 2068 675 2148 propriis
689 2067 870 2148 inspeximus
884 2069 986 2130 oculis

142 2168 190 2230 De
203 2177 360 2229 ventorum
381 2167 498 2231 flatibus
518 2167 679 2244 contrariis,
694 2166 868 2230 venerabilis
882 2165 935 2228 viri
948 2167 1056 2229 dmutc
1076 2164 1251 2242 orationum,
1274 2164 1305 2226 in

221 2266 370 2327 secundos
383 2266 532 2331 conversis
545 2277 658 2331 ventos

141 2363 189 2424 De
203 2361 388 2426 mortalitate.

442 2564 611 2644 Expliciunt
624 2562 762 2644 Capitula
774 2563 905 2629 Secundi
919 2562 1008 2627 Libri
