3226 5520
639 520 951 591 COLUMBAE.
1331 525 1372 607 83

208 730 370 816 imprimis
390 729 484 815 quasi
499 730 636 815 quidam
660 732 793 816 ignotus
817 732 939 817 hospes
962 731 1170 816 hospitaliter
1193 738 1375 815 susceptus,

207 834 272 900 alia
302 835 357 900 die
386 837 543 901 nuncium
574 836 617 900 ad
648 835 868 901 Baitheneum
895 837 1007 915 mittit,
1037 837 1109 920 ejus
1139 834 1373 900 allocutionem

207 938 291 1005 facie
312 940 354 1004 ad
378 938 496 1004 faciem
519 940 642 1006 habere
663 941 785 1006 volens.
832 939 909 1024 Qui,
924 950 961 1006 ut
982 948 1052 1006 erat
1068 937 1218 1018 affabilis,
1233 948 1267 1004 et
1283 958 1375 1022 pere·

207 1045 309 1128 grinis
335 1045 532 1127 appetibilis,
552 1045 649 1129 jubet
675 1046 718 1111 ad
742 1065 778 1110 se
800 1046 928 1111 adduci.
974 1045 1041 1130 Qui
1065 1045 1178 1109 statim
1202 1045 1376 1123 adductus,

207 1148 325 1233 primo,
347 1157 385 1213 ut
407 1149 633 1228 conveniebat,
657 1149 753 1213 flexis
783 1151 922 1234 genibus
945 1150 979 1214 in
1004 1159 1091 1214 terra
1115 1169 1150 1213 se
1176 1148 1376 1232 prostravit;

204 1253 382 1336 jussusque
403 1272 423 1317 a
446 1261 562 1317 sancto
587 1253 723 1331 seniore,
748 1253 861 1338 surgit,
883 1263 917 1319 et
940 1254 1086 1318 residens
1109 1255 1330 1337 interrogatur
1355 1271 1376 1317 a

209 1355 401 1434 Baithene0,
419 1355 528 1421 adhuc
551 1355 663 1436 inscio,
686 1358 728 1420 de
752 1366 853 1441 gente
875 1366 909 1422 et
933 1358 1111 1441 provincia,
1126 1357 1326 1440 nomineque
1342 1365 1376 1421 et

207 1459 465 1538 conversatione,
488 1469 522 1524 et
545 1480 606 1544 pro
629 1482 696 1545 qua
719 1481 819 1527 causa
843 1462 952 1527 inierit
975 1462 1196 1546 navigationis
1219 1461 1374 1526 laborem.

208 1563 285 1648 Qui,
298 1566 344 1629 ita
360 1564 590 1648 interrogatus,
601 1565 714 1630 omnia
729 1587 788 1649 per
803 1566 952 1631 ordinem
969 1585 1133 1644 enarrans,
1144 1574 1182 1630 ut
1196 1565 1375 1649 suscipere·

208 1679 261 1733 tur
282 1668 450 1733 humiliter
468 1668 670 1752 expostulat
716 1669 778 1735 Cui
802 1679 936 1735 sanctus
959 1669 1076 1748 senior,
1098 1670 1149 1734 his
1176 1669 1219 1734 ab
1244 1668 1376 1752 hospite

207 1773 337 1851 auditis,
364 1773 529 1857 simulque
551 1774 638 1838 hunc
661 1794 732 1838 esse
746 1774 853 1839 virum
870 1793 1074 1857 cognoscens
1096 1775 1139 1838 de
1156 1793 1224 1857 quo
1246 1773 1374 1857 pridem

207 1878 386 1962 aliquando
402 1887 536 1943 sanctus
548 1878 713 1945 Columba
729 1879 922 1962 prophetice
936 1878 1134 1944 vaticinatus
1149 1888 1219 1943 est:
1235 1878 1376 1956 Gratias,

208 1984 263 2061 ait,
279 1983 354 2047 Deo
371 2003 445 2047 meo
461 2003 559 2065 agere
578 1981 685 2047 debeo
699 1983 834 2065 quidem
854 1983 886 2047 in
903 1992 962 2047 tuo
977 1984 1132 2063 adventu,
1148 1982 1192 2046 fili
1209 2005 1216 2062 ;
1239 1983 1297 2046 sed
1313 1982 1376 2046 hoc

208 2087 434 2152 indubitanter
444 2088 528 2151 scito
540 2088 629 2170 quod
643 2097 754 2151 noster
766 2087 948 2152 monachus
964 2108 1029 2151 non
1043 2089 1113 2153 eris.
1150 2088 1225 2152 Hoc
1238 2086 1376 2151 audiens

207 2193 337 2277 hospes,
348 2192 446 2257 valde
462 2192 684 2270 contristatus,
696 2190 788 2257 infit:
805 2192 956 2257 Forsitan
969 2212 1033 2276 ego
1045 2192 1201 2276 indignus
1215 2201 1293 2256 tuus
1308 2210 1374 2255 non

208 2318 336 2362 mereor
366 2296 435 2361 fieri
466 2297 655 2362 monachus.
718 2297 836 2363 Senior
868 2306 1108 2381 consequenter
1138 2298 1265 2383 inquit:
1298 2296 1375 2360 Non

207 2402 308 2484 quod,
320 2409 358 2465 ut
372 2398 463 2479 dicis,
479 2398 634 2485 indignus
649 2418 738 2464 esses
753 2401 816 2465 hoc
832 2401 904 2465 dixi
917 2422 925 2479 ;
948 2401 1005 2464 sed
1021 2401 1172 2484 quamvis
1185 2398 1375 2464 maluissem

208 2514 242 2569 te
264 2504 352 2588 apud
377 2522 431 2575 rne
453 2504 603 2583 retinere,
631 2506 826 2570 mandatum
849 2514 962 2570 tamen
985 2505 1091 2570 sancti
1114 2504 1288 2572 Columbae
1311 2503 1377 2568 mei

209 2608 389 2673 decessoris
411 2607 585 2692 profanare
600 2628 666 2673 non
690 2628 850 2693 possum;
874 2628 1046 2694 perquem
1067 2609 1210 2694 Spiritus
1233 2610 1377 2676 Sanctus

208 2714 251 2778 de
266 2722 299 2777 te
315 2712 535 2797 prophetavit
582 2713 661 2777 Alia
676 2733 820 2798 namque
835 2714 890 2779 die
905 2714 986 2778 mihi
1002 2713 1063 2777 soli
1079 2715 1225 2792 seorsim,
1240 2715 1287 2777 sic
1302 2733 1377 2797 pro-

209 2815 342 2901 phetico
353 2814 503 2901 prolatus
514 2835 579 2895 ore,
590 2816 675 2881 inter
686 2825 814 2895 caetera,
823 2817 932 2882 dixit:
948 2817 1033 2882 Haec
1046 2836 1128 2895 mea,
1138 2816 1171 2882 0
1187 2816 1378 2894 Baithenee,

209 2919 368 2985 intentius
390 2918 492 2983 debes
515 2919 630 2984 audire
653 2919 777 3000 verba3
810 2922 922 2985 statirn
946 2939 1091 3004 nemque
1113 2928 1190 3004 post
1208 2938 1319 2984 meum
1335 2920 1378 2985 de

208 3025 272 3090 hoc
302 3025 344 3089 ad
372 3023 541 3090 Christum
572 3022 695 3090 saeculo
724 3033 939 3109 expectatum
970 3034 1004 3090 et
1029 3023 1128 3090 valde
1152 3024 1376 3089 desideratum

208 3129 393 3207 transitum,
408 3129 544 3212 quidam
566 3131 608 3194 de
632 3129 745 3196 Scotia
770 3129 877 3209 irater,
892 3129 948 3213 qui
974 3149 1069 3208 nunc,
1089 3129 1175 3195 bene
1195 3128 1376 3213 juvenilem

208 3235 304 3300 bonis
335 3233 481 3299 moribus
512 3254 629 3320 regens
659 3244 803 3314 aetatem,
833 3255 934 3299 sacrae
970 3235 1121 3299 lectionis
1150 3234 1268 3299 studiis
1297 3234 1379 3298 satis

208 3339 374 3417 imbuitur,
412 3339 547 3403 nornine
585 3339 754 3418 Fintenus‚
791 3350 891 3423 gente
929 3338 1127 3416 Mocumoie,
1156 3337 1251 3422 cujus
1283 3350 1379 3423 pater

209 3442 410 3508 Tailchanus
446 3445 618 3522 vocitatur,
648 3446 692 3509 ad
722 3455 765 3523 te,
795 3446 941 3528 inquam,
979 3444 1181 3528 perveniens,
1210 3443 1378 3510 humiliter

209 3546 437 3630 expostulabit
467 3557 504 3612 ut
535 3548 643 3632 ipsum
674 3550 856 3633 suscipiens
893 3550 979 3613 inter
1014 3559 1152 3613 caeteros
1181 3550 1379 3614 adnumeres

209 3651 398 3716 monachos.
445 3652 512 3718 Sed
529 3651 592 3716 hoc
608 3653 638 3716 ei
654 3652 686 3716 in
705 3654 770 3718 Dei
792 3654 1000 3738 praescientia
1022 3654 1376 3736 praedestinatummon

208 3767 260 3821 est
285 3765 323 3821 ut
346 3756 417 3838 ipse
442 3755 582 3839 alicujus
607 3757 738 3820 abbatis
765 3757 947 3821 monachus
975 3755 1089 3835 fieret3
1118 3757 1176 3821 sed
1204 3765 1241 3822 ut
1264 3776 1377 3821 mona·

209 3860 346 3923 chorum
373 3858 486 3938 abbas,
513 3860 759 3925 etanimarum
790 3860 862 3925 dux
889 3863 931 3926 ad
960 3861 1095 3926 coeleste
1124 3881 1273 3945 regnum,
1298 3861 1377 3926 olim

209 3965 332 4028 electus
348 3983 369 4026 a
384 3963 460 4027 Deo
482 3973 540 4027 est
598 3965 703 4029 Noles
727 3966 838 4048 itaque
861 3965 948 4031 hunc
971 3975 1192 4031 memoratum
1214 3966 1320 4030 virum
1344 3968 1377 4032 in

208 4068 259 4132 his
296 4067 417 4131 nostris
454 4067 544 4149 apud
582 4078 616 4133 te
651 4068 791 4134 retinere
829 4069 953 4146 insulis,
984 4090 1025 4134 ne
1055 4078 1089 4134 et
1120 4068 1184 4133 Dei
1214 4069 1378 4135 voluntati

208 4173 371 4238 contraire
393 4171 557 4236 videaris:
580 4173 647 4251 sed,
663 4172 734 4237 haec
756 4174 786 4237 ei
803 4175 960 4238 intimans
982 4172 1090 4252 verba,
1106 4174 1148 4238 ad
1172 4173 1320 4239 Scotiam
1343 4175 1378 4240 in

208 4295 290 4360 pace
314 4276 474 4354 remittas,
489 4284 525 4340 ut
548 4277 581 4340 in
607 4277 845 4361 Laginensium
867 4279 984 4343 vicinis
1006 4279 1088 4342 mari
1112 4277 1232 4344 finibus
1247 4298 1378 4344 monas·

209 4382 327 4447 terium
352 4389 533 4458 construat,
560 4389 594 4445 et
619 4380 741 4445 ibidem
766 4381 888 4447 Christi
913 4383 1047 4445 ovinum
1072 4401 1211 4464 pascens
1234 4402 1378 4466 gregem,

209 4487 398 4550 innumeras
412 4485 456 4550 ad
472 4485 613 4569 patriam
625 4487 754 4551 animas
763 4486 932 4551 coelestem
944 4485 1111 4569 perducat
1144 4486 1229 4551 Haec
1240 4488 1379 4553 audiens

210 4599 344 4657 sanctus
378 4589 499 4675 junior,
539 4589 681 4670 Christo,
720 4590 906 4676 lachrymas
949 4589 1099 4668 tundens,
1138 4590 1209 4677 egit
1246 4593 1380 4678 gratias,
