<?xml version="1.0" encoding="UTF-8"?>
<!DOCTYPE html PUBLIC "-//W3C//DTD XHTML 1.0 Transitional//EN"
    "http://www.w3.org/TR/xhtml1/DTD/xhtml1-transitional.dtd">
<html xmlns="http://www.w3.org/1999/xhtml" xml:lang="en" lang="en">
 <head>
  <title>
</title>
<meta http-equiv="Content-Type" content="text/html;charset=utf-8" />
  <meta name='ocr-system' content='tesseract 3.04.00' />
  <meta name='ocr-capabilities' content='ocr_page ocr_carea ocr_par ocr_line ocrx_word'/>
</head>
<body>
  <div class='ocr_page' id='page_1' title='image "./pinkertonslives00pinkgoog_0122.png"; bbox 0 0 3226 5520; ppageno 0'>
   <div class='ocr_carea' id='block_1_1' title="bbox 619 509 1358 584">
    <p class='ocr_par' dir='ltr' id='par_1_1' title="bbox 619 509 1358 584">
     <span class='ocr_line' id='line_1_1' title="bbox 619 509 1358 584; baseline -0.009 0"><span class='ocrx_word' id='word_1_1' title='bbox 619 511 937 584; x_wconf 85' lang='lat' dir='ltr'><strong>COLUMBAE.</strong></span> <span class='ocrx_word' id='word_1_2' title='bbox 1319 509 1358 578; x_wconf 88' lang='lat'>61</span> 
     </span>
    </p>
   </div>
   <div class='ocr_carea' id='block_1_2' title="bbox 193 716 1361 1329">
    <p class='ocr_par' dir='ltr' id='par_1_2' title="bbox 193 716 1361 1329">
     <span class='ocr_line' id='line_1_2' title="bbox 194 716 1360 805; baseline -0.003 -18"><span class='ocrx_word' id='word_1_3' title='bbox 194 721 353 787; x_wconf 89' lang='lat' dir='ltr'>orationis</span> <span class='ocrx_word' id='word_1_4' title='bbox 364 720 475 788; x_wconf 89' lang='lat' dir='ltr'>studio</span> <span class='ocrx_word' id='word_1_5' title='bbox 491 720 581 786; x_wconf 92' lang='lat' dir='ltr'>solus</span> <span class='ocrx_word' id='word_1_6' title='bbox 592 720 720 786; x_wconf 84' lang='lat' dir='ltr'>intrans</span> <span class='ocrx_word' id='word_1_7' title='bbox 731 721 765 786; x_wconf 91' lang='lat' dir='ltr'>in</span> <span class='ocrx_word' id='word_1_8' title='bbox 781 720 927 805; x_wconf 88' lang='lat' dir='ltr'>quadam</span> <span class='ocrx_word' id='word_1_9' title='bbox 943 718 1069 784; x_wconf 84' lang='lat' dir='ltr'>exedra</span> <span class='ocrx_word' id='word_1_10' title='bbox 1083 717 1224 783; x_wconf 88' lang='lat' dir='ltr'>devotus</span> <span class='ocrx_word' id='word_1_11' title='bbox 1235 716 1360 784; x_wconf 82' lang='lat' dir='ltr'>orabat</span> 
     </span>
     <span class='ocr_line' id='line_1_3' title="bbox 194 822 1359 910; baseline -0.006 -17"><span class='ocrx_word' id='word_1_12' title='bbox 194 827 298 910; x_wconf 89' lang='lat' dir='ltr'>Cujus</span> <span class='ocrx_word' id='word_1_13' title='bbox 320 827 366 892; x_wconf 90' lang='lat' dir='ltr'>rei</span> <span class='ocrx_word' id='word_1_14' title='bbox 382 836 516 892; x_wconf 88' lang='lat' dir='ltr'>sanctus</span> <span class='ocrx_word' id='word_1_15' title='bbox 531 826 696 893; x_wconf 89' lang='lat' dir='ltr'>Columba</span> <span class='ocrx_word' id='word_1_16' title='bbox 711 827 840 890; x_wconf 91' lang='lat' dir='ltr'>nescius</span> <span class='ocrx_word' id='word_1_17' title='bbox 855 826 973 890; x_wconf 90' lang='lat' dir='ltr'>eadem</span> <span class='ocrx_word' id='word_1_18' title='bbox 1000 825 1042 889; x_wconf 91' lang='lat' dir='ltr'>de</span> <span class='ocrx_word' id='word_1_19' title='bbox 1060 843 1160 888; x_wconf 89' lang='lat' dir='ltr'>causa</span> <span class='ocrx_word' id='word_1_20' title='bbox 1175 831 1251 907; x_wconf 90' lang='lat' dir='ltr'>post</span> <span class='ocrx_word' id='word_1_21' title='bbox 1266 822 1359 887; x_wconf 91' lang='lat' dir='ltr'>illum</span> 
     </span>
     <span class='ocr_line' id='line_1_4' title="bbox 193 925 1360 1015; baseline -0.003 -21"><span class='ocrx_word' id='word_1_22' title='bbox 193 930 366 996; x_wconf 89' lang='lat' dir='ltr'>ecclesiam</span> <span class='ocrx_word' id='word_1_23' title='bbox 393 932 586 1015; x_wconf 87' lang='lat' dir='ltr'>ingreditur,</span> <span class='ocrx_word' id='word_1_24' title='bbox 618 930 783 1014; x_wconf 89' lang='lat' dir='ltr'>simulque</span> <span class='ocrx_word' id='word_1_25' title='bbox 820 950 896 995; x_wconf 93' lang='lat' dir='ltr'>cum</span> <span class='ocrx_word' id='word_1_26' title='bbox 923 949 964 993; x_wconf 93' lang='lat' dir='ltr'>eo</span> <span class='ocrx_word' id='word_1_27' title='bbox 990 949 1090 994; x_wconf 92' lang='lat' dir='ltr'>aurea</span> <span class='ocrx_word' id='word_1_28' title='bbox 1119 928 1179 992; x_wconf 87' lang='lat' dir='ltr'>lux</span> <span class='ocrx_word' id='word_1_29' title='bbox 1205 928 1248 991; x_wconf 92' lang='lat' dir='ltr'>de</span> <span class='ocrx_word' id='word_1_30' title='bbox 1274 925 1360 991; x_wconf 87' lang='lat' dir='ltr'>coelo</span> 
     </span>
     <span class='ocr_line' id='line_1_5' title="bbox 194 1031 1361 1119; baseline -0.005 -19"><span class='ocrx_word' id='word_1_31' title='bbox 194 1034 398 1101; x_wconf 89' lang='lat' dir='ltr'>descendens</span> <span class='ocrx_word' id='word_1_32' title='bbox 425 1044 531 1101; x_wconf 88' lang='lat' dir='ltr'>totam</span> <span class='ocrx_word' id='word_1_33' title='bbox 558 1034 696 1119; x_wconf 90' lang='lat' dir='ltr'>replevit</span> <span class='ocrx_word' id='word_1_34' title='bbox 722 1034 902 1099; x_wconf 89' lang='lat' dir='ltr'>ecclesiam.</span> <span class='ocrx_word' id='word_1_35' title='bbox 958 1033 1025 1099; x_wconf 89' lang='lat' dir='ltr'>Sed</span> <span class='ocrx_word' id='word_1_36' title='bbox 1052 1040 1087 1097; x_wconf 94' lang='lat' dir='ltr'>et</span> <span class='ocrx_word' id='word_1_37' title='bbox 1112 1031 1200 1095; x_wconf 93' lang='lat' dir='ltr'>illius</span> <span class='ocrx_word' id='word_1_38' title='bbox 1225 1032 1361 1095; x_wconf 86' lang='lat' dir='ltr'>exedrae</span> 
     </span>
     <span class='ocr_line' id='line_1_6' title="bbox 193 1135 1360 1225; baseline -0.004 -21"><span class='ocrx_word' id='word_1_39' title='bbox 193 1151 383 1225; x_wconf 88' lang='lat' dir='ltr'>separatum</span> <span class='ocrx_word' id='word_1_40' title='bbox 410 1140 565 1205; x_wconf 90' lang='lat' dir='ltr'>conclave</span> <span class='ocrx_word' id='word_1_41' title='bbox 580 1141 637 1205; x_wconf 96' lang='lat' dir='ltr'>ubi</span> <span class='ocrx_word' id='word_1_42' title='bbox 659 1140 687 1204; x_wconf 89' lang='lat' dir='ltr'>F</span> <span class='ocrx_word' id='word_1_43' title='bbox 688 1160 806 1204; x_wconf 88' lang='lat' dir='ltr'>emaus</span> <span class='ocrx_word' id='word_1_44' title='bbox 821 1138 975 1202; x_wconf 86' lang='lat' dir='ltr'><strong>latitabat</strong></span> <span class='ocrx_word' id='word_1_45' title='bbox 990 1137 1071 1201; x_wconf 91' lang='lat' dir='ltr'>illud</span> <span class='ocrx_word' id='word_1_46' title='bbox 1087 1137 1221 1200; x_wconf 89' lang='lat' dir='ltr'>coeleste</span> <span class='ocrx_word' id='word_1_47' title='bbox 1247 1135 1360 1200; x_wconf 92' lang='lat' dir='ltr'>lumen</span> 
     </span>
     <span class='ocr_line' id='line_1_7' title="bbox 194 1239 1361 1329; baseline -0.007 -20"><span class='ocrx_word' id='word_1_48' title='bbox 194 1245 394 1311; x_wconf 84' lang='lat' dir='ltr'>formidabili</span> <span class='ocrx_word' id='word_1_49' title='bbox 411 1247 527 1310; x_wconf 90' lang='lat' dir='ltr'>timore</span> <span class='ocrx_word' id='word_1_50' title='bbox 542 1245 745 1329; x_wconf 90' lang='lat' dir='ltr'>repleverat;</span> <span class='ocrx_word' id='word_1_51' title='bbox 767 1253 801 1307; x_wconf 91' lang='lat' dir='ltr'>et</span> <span class='ocrx_word' id='word_1_52' title='bbox 816 1243 900 1306; x_wconf 89' lang='lat' dir='ltr'>sicut</span> <span class='ocrx_word' id='word_1_53' title='bbox 916 1241 1025 1306; x_wconf 94' lang='lat' dir='ltr'>nullus</span> <span class='ocrx_word' id='word_1_54' title='bbox 1047 1240 1200 1304; x_wconf 89' lang='lat' dir='ltr'>aestivum</span> <span class='ocrx_word' id='word_1_55' title='bbox 1216 1248 1249 1303; x_wconf 90' lang='lat' dir='ltr'>et</span> <span class='ocrx_word' id='word_1_56' title='bbox 1265 1239 1361 1302; x_wconf 91' lang='lat' dir='ltr'>meri-</span> 
     </span>
    </p>
   </div>
   <div class='ocr_carea' id='block_1_3' title="bbox 194 1343 1363 1954">
    <p class='ocr_par' dir='ltr' id='par_1_3' title="bbox 194 1343 1363 1954">
     <span class='ocr_line' id='line_1_8' title="bbox 194 1343 1362 1429; baseline -0.007 -16"><span class='ocrx_word' id='word_1_57' title='bbox 194 1350 331 1415; x_wconf 93' lang='lat' dir='ltr'>dianum</span> <span class='ocrx_word' id='word_1_58' title='bbox 347 1350 451 1414; x_wconf 92' lang='lat' dir='ltr'>solem</span> <span class='ocrx_word' id='word_1_59' title='bbox 468 1350 564 1414; x_wconf 89' lang='lat' dir='ltr'>rectis</span> <span class='ocrx_word' id='word_1_60' title='bbox 587 1359 620 1414; x_wconf 93' lang='lat' dir='ltr'>et</span> <span class='ocrx_word' id='word_1_61' title='bbox 643 1348 885 1412; x_wconf 86' lang='lat' dir='ltr'>irreverberatis</span> <span class='ocrx_word' id='word_1_62' title='bbox 900 1345 1003 1412; x_wconf 89' lang='lat' dir='ltr'>oculis</span> <span class='ocrx_word' id='word_1_63' title='bbox 1026 1354 1137 1429; x_wconf 89' lang='lat' dir='ltr'>potest</span> <span class='ocrx_word' id='word_1_64' title='bbox 1152 1344 1271 1408; x_wconf 90' lang='lat' dir='ltr'>intueri</span> <span class='ocrx_word' id='word_1_65' title='bbox 1285 1366 1292 1423; x_wconf 91' lang='lat'>;</span> <span class='ocrx_word' id='word_1_66' title='bbox 1314 1343 1362 1406; x_wconf 90' lang='lat' dir='ltr'>sic</span> 
     </span>
     <span class='ocr_line' id='line_1_9' title="bbox 194 1447 1360 1531; baseline -0.004 -15"><span class='ocrx_word' id='word_1_67' title='bbox 194 1463 228 1517; x_wconf 90' lang='lat' dir='ltr'>et</span> <span class='ocrx_word' id='word_1_68' title='bbox 254 1453 345 1518; x_wconf 91' lang='lat' dir='ltr'>illam</span> <span class='ocrx_word' id='word_1_69' title='bbox 372 1455 541 1518; x_wconf 74' lang='lat' dir='ltr'>coelestem</span> <span class='ocrx_word' id='word_1_70' title='bbox 568 1453 753 1517; x_wconf 88' lang='lat' dir='ltr'>claritatem</span> <span class='ocrx_word' id='word_1_71' title='bbox 785 1451 932 1515; x_wconf 89' lang='lat' dir='ltr'>Fernaus</span> <span class='ocrx_word' id='word_1_72' title='bbox 958 1450 1119 1513; x_wconf 89' lang='lat' dir='ltr'>sustinere</span> <span class='ocrx_word' id='word_1_73' title='bbox 1146 1468 1212 1512; x_wconf 92' lang='lat' dir='ltr'>non</span> <span class='ocrx_word' id='word_1_74' title='bbox 1244 1447 1360 1531; x_wconf 84' lang='lat' dir='ltr'>potuit</span> 
     </span>
     <span class='ocr_line' id='line_1_10' title="bbox 196 1551 1361 1640; baseline -0.008 -19"><span class='ocrx_word' id='word_1_75' title='bbox 196 1556 273 1640; x_wconf 86' lang='lat' dir='ltr'>Quo</span> <span class='ocrx_word' id='word_1_76' title='bbox 295 1558 438 1640; x_wconf 90' lang='lat' dir='ltr'>denique</span> <span class='ocrx_word' id='word_1_77' title='bbox 462 1556 625 1622; x_wconf 84' lang='lat' dir='ltr'>fulminali</span> <span class='ocrx_word' id='word_1_78' title='bbox 648 1555 822 1639; x_wconf 89' lang='lat' dir='ltr'>splendore</span> <span class='ocrx_word' id='word_1_79' title='bbox 838 1555 917 1631; x_wconf 89' lang='lat' dir='ltr'>viso,</span> <span class='ocrx_word' id='word_1_80' title='bbox 937 1552 1017 1616; x_wconf 94' lang='lat' dir='ltr'>nihil</span> <span class='ocrx_word' id='word_1_81' title='bbox 1041 1553 1074 1615; x_wconf 93' lang='lat' dir='ltr'>in</span> <span class='ocrx_word' id='word_1_82' title='bbox 1097 1572 1138 1615; x_wconf 90' lang='lat' dir='ltr'>eo</span> <span class='ocrx_word' id='word_1_83' title='bbox 1159 1551 1290 1615; x_wconf 89' lang='lat' dir='ltr'>virtutis</span> <span class='ocrx_word' id='word_1_84' title='bbox 1312 1570 1361 1613; x_wconf 92' lang='lat' dir='ltr'>re·</span> 
     </span>
     <span class='ocr_line' id='line_1_11' title="bbox 196 1655 1360 1742; baseline -0.008 -17"><span class='ocrx_word' id='word_1_85' title='bbox 196 1663 324 1726; x_wconf 82' lang='lat' dir='ltr'>mansit</span> <span class='ocrx_word' id='word_1_86' title='bbox 367 1661 511 1728; x_wconf 88' lang='lat' dir='ltr'>Sanctus</span> <span class='ocrx_word' id='word_1_87' title='bbox 526 1682 604 1725; x_wconf 90' lang='lat' dir='ltr'>vero</span> <span class='ocrx_word' id='word_1_88' title='bbox 620 1659 785 1726; x_wconf 90' lang='lat' dir='ltr'>Columba</span> <span class='ocrx_word' id='word_1_89' title='bbox 808 1668 885 1742; x_wconf 91' lang='lat' dir='ltr'>post</span> <span class='ocrx_word' id='word_1_90' title='bbox 900 1678 967 1721; x_wconf 92' lang='lat' dir='ltr'>non</span> <span class='ocrx_word' id='word_1_91' title='bbox 994 1656 1160 1740; x_wconf 89' lang='lat' dir='ltr'>prolixam</span> <span class='ocrx_word' id='word_1_92' title='bbox 1177 1655 1360 1718; x_wconf 90' lang='lat' dir='ltr'>orationem</span> 
     </span>
     <span class='ocr_line' id='line_1_12' title="bbox 195 1758 1363 1851; baseline -0.008 -21"><span class='ocrx_word' id='word_1_93' title='bbox 195 1765 367 1830; x_wconf 90' lang='lat' dir='ltr'>ecclesiam</span> <span class='ocrx_word' id='word_1_94' title='bbox 392 1766 568 1851; x_wconf 91' lang='lat' dir='ltr'>egreditur,</span> <span class='ocrx_word' id='word_1_95' title='bbox 592 1765 825 1847; x_wconf 88' lang='lat' dir='ltr'>Fernaumque</span> <span class='ocrx_word' id='word_1_96' title='bbox 847 1763 889 1826; x_wconf 91' lang='lat' dir='ltr'>ad</span> <span class='ocrx_word' id='word_1_97' title='bbox 914 1782 949 1826; x_wconf 91' lang='lat' dir='ltr'>se</span> <span class='ocrx_word' id='word_1_98' title='bbox 969 1762 1112 1825; x_wconf 89' lang='lat' dir='ltr'>crastina</span> <span class='ocrx_word' id='word_1_99' title='bbox 1134 1761 1276 1824; x_wconf 90' lang='lat' dir='ltr'>advocat</span> <span class='ocrx_word' id='word_1_100' title='bbox 1297 1758 1363 1835; x_wconf 90' lang='lat' dir='ltr'>die,</span> 
     </span>
     <span class='ocr_line' id='line_1_13' title="bbox 195 1863 1362 1954; baseline -0.006 -21"><span class='ocrx_word' id='word_1_101' title='bbox 195 1869 312 1954; x_wconf 88' lang='lat' dir='ltr'>hisque</span> <span class='ocrx_word' id='word_1_102' title='bbox 355 1870 534 1954; x_wconf 90' lang='lat' dir='ltr'>compellat</span> <span class='ocrx_word' id='word_1_103' title='bbox 571 1867 727 1934; x_wconf 85' lang='lat' dir='ltr'>affatibus</span> <span class='ocrx_word' id='word_1_104' title='bbox 771 1867 1021 1933; x_wconf 87' lang='lat' dir='ltr'>consolatoriis:</span> <span class='ocrx_word' id='word_1_105' title='bbox 1065 1865 1097 1931; x_wconf 92' lang='grc' dir='ltr'>Ο</span> <span class='ocrx_word' id='word_1_106' title='bbox 1135 1863 1255 1928; x_wconf 86' lang='lat' dir='ltr'>filiolel</span> <span class='ocrx_word' id='word_1_107' title='bbox 1300 1863 1362 1927; x_wconf 89' lang='lat' dir='ltr'>hac</span> 
     </span>
    </p>
   </div>
   <div class='ocr_carea' id='block_1_4' title="bbox 195 1968 1363 2350">
    <p class='ocr_par' dir='ltr' id='par_1_4' title="bbox 195 1968 1363 2350">
     <span class='ocr_line' id='line_1_14' title="bbox 195 1968 1361 2058; baseline -0.006 -20"><span class='ocrx_word' id='word_1_108' title='bbox 195 1974 362 2058; x_wconf 76' lang='lat' dir='ltr'>praeterita</span> <span class='ocrx_word' id='word_1_109' title='bbox 384 1984 483 2038; x_wconf 92' lang='lat' dir='ltr'>nocte</span> <span class='ocrx_word' id='word_1_110' title='bbox 504 1973 538 2038; x_wconf 91' lang='lat' dir='ltr'>in</span> <span class='ocrx_word' id='word_1_111' title='bbox 561 1981 740 2057; x_wconf 89' lang='lat' dir='ltr'>conspectu</span> <span class='ocrx_word' id='word_1_112' title='bbox 766 1972 830 2037; x_wconf 92' lang='lat' dir='ltr'>Dei</span> <span class='ocrx_word' id='word_1_113' title='bbox 854 1971 1017 2054; x_wconf 88' lang='lat' dir='ltr'>placuisti,</span> <span class='ocrx_word' id='word_1_114' title='bbox 1033 1968 1147 2034; x_wconf 89' lang='lat' dir='ltr'>oculos</span> <span class='ocrx_word' id='word_1_115' title='bbox 1170 1970 1212 2033; x_wconf 91' lang='lat' dir='ltr'>ad</span> <span class='ocrx_word' id='word_1_116' title='bbox 1240 1978 1361 2032; x_wconf 90' lang='lat' dir='ltr'>terram</span> 
     </span>
     <span class='ocr_line' id='line_1_15' title="bbox 195 2071 1362 2162; baseline -0.006 -20"><span class='ocrx_word' id='word_1_117' title='bbox 195 2078 414 2162; x_wconf 89' lang='lat' dir='ltr'>deprimendo</span> <span class='ocrx_word' id='word_1_118' title='bbox 437 2079 555 2143; x_wconf 91' lang='lat' dir='ltr'>timore</span> <span class='ocrx_word' id='word_1_119' title='bbox 575 2076 664 2142; x_wconf 88' lang='lat' dir='ltr'>lucis.</span> <span class='ocrx_word' id='word_1_120' title='bbox 712 2077 810 2154; x_wconf 90' lang='lat' dir='ltr'>Nam,</span> <span class='ocrx_word' id='word_1_121' title='bbox 832 2076 859 2139; x_wconf 90' lang='lat' dir='ltr'>si</span> <span class='ocrx_word' id='word_1_122' title='bbox 883 2077 929 2140; x_wconf 91' lang='lat' dir='ltr'>ita</span> <span class='ocrx_word' id='word_1_123' title='bbox 951 2094 1018 2139; x_wconf 89' lang='lat' dir='ltr'>non</span> <span class='ocrx_word' id='word_1_124' title='bbox 1041 2073 1182 2152; x_wconf 85' lang='lat' dir='ltr'>fecisses,</span> <span class='ocrx_word' id='word_1_125' title='bbox 1204 2072 1291 2138; x_wconf 91' lang='lat' dir='ltr'>oculi</span> <span class='ocrx_word' id='word_1_126' title='bbox 1313 2071 1362 2137; x_wconf 96' lang='lat' dir='ltr'>tui</span> 
     </span>
     <span class='ocr_line' id='line_1_16' title="bbox 196 2176 1363 2261; baseline -0.004 -15"><span class='ocrx_word' id='word_1_127' title='bbox 196 2183 266 2246; x_wconf 91' lang='lat' dir='ltr'>visa</span> <span class='ocrx_word' id='word_1_128' title='bbox 300 2181 373 2247; x_wconf 92' lang='lat' dir='ltr'>luce</span> <span class='ocrx_word' id='word_1_129' title='bbox 399 2182 657 2261; x_wconf 82' lang='lat' dir='ltr'>obcaecarentur,</span> <span class='ocrx_word' id='word_1_130' title='bbox 688 2182 746 2246; x_wconf 91' lang='lat' dir='ltr'>sed</span> <span class='ocrx_word' id='word_1_131' title='bbox 773 2182 853 2247; x_wconf 94' lang='lat' dir='ltr'>dum</span> <span class='ocrx_word' id='word_1_132' title='bbox 880 2180 998 2245; x_wconf 90' lang='lat' dir='ltr'>vixero</span> <span class='ocrx_word' id='word_1_133' title='bbox 1023 2180 1121 2246; x_wconf 91' lang='lat' dir='ltr'>stude</span> <span class='ocrx_word' id='word_1_134' title='bbox 1146 2178 1232 2242; x_wconf 89' lang='lat' dir='ltr'>hanc</span> <span class='ocrx_word' id='word_1_135' title='bbox 1256 2176 1363 2242; x_wconf 89' lang='lat' dir='ltr'>celare</span> 
     </span>
     <span class='ocr_line' id='line_1_17' title="bbox 196 2305 364 2350; baseline 0.006 -1"><span class='ocrx_word' id='word_1_136' title='bbox 196 2305 364 2350; x_wconf 81' lang='lat' dir='ltr'>ursionem.</span> 
     </span>
    </p>
   </div>
   <div class='ocr_carea' id='block_1_5' title="bbox 380 2664 1177 2937">
    <p class='ocr_par' dir='ltr' id='par_1_5' title="bbox 380 2664 1177 2937">
     <span class='ocr_line' id='line_1_18' title="bbox 596 2664 964 2732; baseline -0.003 -1"><span class='ocrx_word' id='word_1_137' title='bbox 596 2664 670 2731; x_wconf 89' lang='lat' dir='ltr'>CA</span> <span class='ocrx_word' id='word_1_138' title='bbox 684 2667 709 2731; x_wconf 92' lang='lat' dir='ltr'>P</span> <span class='ocrx_word' id='word_1_139' title='bbox 723 2665 755 2732; x_wconf 89' lang='lat' dir='ltr'>U</span> <span class='ocrx_word' id='word_1_140' title='bbox 769 2665 799 2730; x_wconf 91' lang='lat' dir='ltr'><strong>T</strong></span> <span class='ocrx_word' id='word_1_141' title='bbox 838 2666 871 2730; x_wconf 94' lang='lat' dir='ltr'>X</span> <span class='ocrx_word' id='word_1_142' title='bbox 883 2665 918 2731; x_wconf 91' lang='lat' dir='ltr'>V</span> <span class='ocrx_word' id='word_1_143' title='bbox 931 2666 964 2730; x_wconf 90' lang='grc' dir='ltr'>Ι.</span> 
     </span>
     <span class='ocr_line' id='line_1_19' title="bbox 380 2852 1177 2937; baseline 0 -19"><span class='ocrx_word' id='word_1_144' title='bbox 380 2853 576 2918; x_wconf 72' lang='lat' dir='ltr'>prolatatur</span> <span class='ocrx_word' id='word_1_145' title='bbox 589 2853 659 2918; x_wconf 82' lang='lat' dir='ltr'>vita</span> <span class='ocrx_word' id='word_1_146' title='bbox 677 2852 835 2920; x_wconf 71' lang='lat' dir='ltr'>Columba</span> <span class='ocrx_word' id='word_1_147' title='bbox 848 2853 897 2918; x_wconf 83' lang='lat' dir='ltr'>ad</span> <span class='ocrx_word' id='word_1_148' title='bbox 904 2864 1014 2937; x_wconf 83' lang='lat' dir='ltr'>preces</span> <span class='ocrx_word' id='word_1_149' title='bbox 1027 2854 1177 2918; x_wconf 66' lang='lat' dir='ltr'>ecclesaie!</span> 
     </span>
    </p>
   </div>
   <div class='ocr_carea' id='block_1_6' title="bbox 194 3040 1370 4478">
    <p class='ocr_par' dir='ltr' id='par_1_6' title="bbox 194 3040 1370 4478">
     <span class='ocr_line' id='line_1_20' title="bbox 197 3040 1365 3125; baseline -0.002 -19"><span class='ocrx_word' id='word_1_150' title='bbox 197 3041 296 3107; x_wconf 82' lang='lat' dir='ltr'>ALIO</span> <span class='ocrx_word' id='word_1_151' title='bbox 311 3049 423 3106; x_wconf 89' lang='lat' dir='ltr'>autem</span> <span class='ocrx_word' id='word_1_152' title='bbox 451 3051 600 3125; x_wconf 91' lang='lat' dir='ltr'>tempore</span> <span class='ocrx_word' id='word_1_153' title='bbox 615 3042 664 3106; x_wconf 92' lang='lat' dir='ltr'>vir</span> <span class='ocrx_word' id='word_1_154' title='bbox 688 3042 825 3106; x_wconf 89' lang='lat' dir='ltr'>Domini</span> <span class='ocrx_word' id='word_1_155' title='bbox 849 3041 882 3104; x_wconf 91' lang='lat' dir='ltr'>in</span> <span class='ocrx_word' id='word_1_156' title='bbox 909 3040 994 3123; x_wconf 91' lang='lat' dir='ltr'>Jova</span> <span class='ocrx_word' id='word_1_157' title='bbox 1016 3061 1226 3105; x_wconf 88' lang='lat' dir='ltr'>commorans</span> <span class='ocrx_word' id='word_1_158' title='bbox 1243 3040 1365 3120; x_wconf 89' lang='lat' dir='ltr'>Insula,</span> 
     </span>
     <span class='ocr_line' id='line_1_21' title="bbox 197 3144 1365 3230; baseline -0.001 -20"><span class='ocrx_word' id='word_1_159' title='bbox 197 3148 342 3230; x_wconf 91' lang='lat' dir='ltr'>quadam</span> <span class='ocrx_word' id='word_1_160' title='bbox 365 3146 420 3210; x_wconf 89' lang='lat' dir='ltr'>die</span> <span class='ocrx_word' id='word_1_161' title='bbox 442 3156 558 3211; x_wconf 90' lang='lat' dir='ltr'>sancta</span> <span class='ocrx_word' id='word_1_162' title='bbox 579 3146 680 3210; x_wconf 85' lang='lat' dir='ltr'>iacies</span> <span class='ocrx_word' id='word_1_163' title='bbox 695 3146 767 3229; x_wconf 89' lang='lat' dir='ltr'>ejus</span> <span class='ocrx_word' id='word_1_164' title='bbox 790 3146 901 3210; x_wconf 90' lang='lat' dir='ltr'>subita</span> <span class='ocrx_word' id='word_1_165' title='bbox 922 3145 1088 3210; x_wconf 89' lang='lat' dir='ltr'>hilaritate</span> <span class='ocrx_word' id='word_1_166' title='bbox 1114 3144 1266 3222; x_wconf 88' lang='lat' dir='ltr'>effloruit,</span> <span class='ocrx_word' id='word_1_167' title='bbox 1288 3165 1365 3209; x_wconf 88' lang='lat' dir='ltr'>ocu·</span> 
     </span>
     <span class='ocr_line' id='line_1_22' title="bbox 198 3248 1364 3334; baseline 0 -21"><span class='ocrx_word' id='word_1_168' title='bbox 198 3249 313 3334; x_wconf 88' lang='lat' dir='ltr'>losque</span> <span class='ocrx_word' id='word_1_169' title='bbox 335 3250 377 3314; x_wconf 92' lang='lat' dir='ltr'>ad</span> <span class='ocrx_word' id='word_1_170' title='bbox 401 3248 522 3314; x_wconf 88' lang='lat' dir='ltr'>coelum</span> <span class='ocrx_word' id='word_1_171' title='bbox 546 3249 679 3314; x_wconf 90' lang='lat' dir='ltr'>elevans</span> <span class='ocrx_word' id='word_1_172' title='bbox 701 3248 798 3314; x_wconf 89' lang='lat' dir='ltr'>valde</span> <span class='ocrx_word' id='word_1_173' title='bbox 828 3248 1066 3327; x_wconf 78' lang='lat' dir='ltr'>laetificabatur,</span> <span class='ocrx_word' id='word_1_174' title='bbox 1092 3259 1169 3333; x_wconf 86' lang='lat' dir='ltr'>post</span> <span class='ocrx_word' id='word_1_175' title='bbox 1196 3249 1364 3314; x_wconf 89' lang='lat' dir='ltr'>modicum</span> 
     </span>
     <span class='ocr_line' id='line_1_23' title="bbox 197 3351 1365 3420; baseline -0.002 0"><span class='ocrx_word' id='word_1_176' title='bbox 197 3363 309 3420; x_wconf 90' lang='lat' dir='ltr'>autem</span> <span class='ocrx_word' id='word_1_177' title='bbox 348 3353 558 3419; x_wconf 91' lang='lat' dir='ltr'>intervallum</span> <span class='ocrx_word' id='word_1_178' title='bbox 595 3351 849 3420; x_wconf 87' lang='lat' dir='ltr'>tristificabatur.</span> <span class='ocrx_word' id='word_1_179' title='bbox 910 3353 989 3419; x_wconf 93' lang='lat' dir='ltr'>Duo</span> <span class='ocrx_word' id='word_1_180' title='bbox 1026 3362 1138 3418; x_wconf 87' lang='lat' dir='ltr'>autem</span> <span class='ocrx_word' id='word_1_181' title='bbox 1176 3353 1292 3419; x_wconf 82' lang='lat' dir='ltr'>iratres</span> <span class='ocrx_word' id='word_1_182' title='bbox 1322 3354 1365 3419; x_wconf 92' lang='lat' dir='ltr'>ad</span> 
     </span>
     <span class='ocr_line' id='line_1_24' title="bbox 194 3456 1365 3541; baseline 0 -20"><span class='ocrx_word' id='word_1_183' title='bbox 194 3457 331 3541; x_wconf 89' lang='lat' dir='ltr'>januam</span> <span class='ocrx_word' id='word_1_184' title='bbox 347 3466 474 3522; x_wconf 90' lang='lat' dir='ltr'>stantes</span> <span class='ocrx_word' id='word_1_185' title='bbox 498 3477 632 3522; x_wconf 89' lang='lat' dir='ltr'>causam</span> <span class='ocrx_word' id='word_1_186' title='bbox 648 3457 767 3523; x_wconf 88' lang='lat' dir='ltr'>subitae</span> <span class='ocrx_word' id='word_1_187' title='bbox 794 3457 964 3540; x_wconf 89' lang='lat' dir='ltr'>inquirunt</span> <span class='ocrx_word' id='word_1_188' title='bbox 986 3456 1111 3521; x_wconf 78' lang='lat' dir='ltr'>laetitiae</span> <span class='ocrx_word' id='word_1_189' title='bbox 1131 3466 1165 3523; x_wconf 95' lang='lat' dir='ltr'>et</span> <span class='ocrx_word' id='word_1_190' title='bbox 1187 3456 1274 3521; x_wconf 91' lang='lat' dir='ltr'>illius</span> <span class='ocrx_word' id='word_1_191' title='bbox 1289 3457 1365 3523; x_wconf 90' lang='lat' dir='ltr'>sub·</span> 
     </span>
     <span class='ocr_line' id='line_1_25' title="bbox 197 3561 1366 3646; baseline 0 -20"><span class='ocrx_word' id='word_1_192' title='bbox 197 3561 365 3645; x_wconf 85' lang='lat' dir='ltr'>sequentis</span> <span class='ocrx_word' id='word_1_193' title='bbox 388 3562 563 3626; x_wconf 89' lang='lat' dir='ltr'>moestitiae.</span> <span class='ocrx_word' id='word_1_194' title='bbox 609 3561 665 3626; x_wconf 92' lang='lat' dir='ltr'>Ad</span> <span class='ocrx_word' id='word_1_195' title='bbox 691 3582 775 3645; x_wconf 88' lang='lat' dir='ltr'>quos</span> <span class='ocrx_word' id='word_1_196' title='bbox 802 3562 965 3628; x_wconf 89' lang='lat' dir='ltr'>Sanctus:</span> <span class='ocrx_word' id='word_1_197' title='bbox 996 3562 1057 3640; x_wconf 90' lang='lat' dir='ltr'>lte,</span> <span class='ocrx_word' id='word_1_198' title='bbox 1080 3561 1195 3645; x_wconf 89' lang='lat' dir='ltr'>inquit,</span> <span class='ocrx_word' id='word_1_199' title='bbox 1218 3562 1252 3625; x_wconf 93' lang='lat' dir='ltr'>in</span> <span class='ocrx_word' id='word_1_200' title='bbox 1275 3581 1366 3646; x_wconf 89' lang='lat' dir='ltr'>pace,</span> 
     </span>
     <span class='ocr_line' id='line_1_26' title="bbox 198 3665 1366 3752; baseline 0 -23"><span class='ocrx_word' id='word_1_201' title='bbox 198 3685 264 3729; x_wconf 92' lang='lat' dir='ltr'>non</span> <span class='ocrx_word' id='word_1_202' title='bbox 304 3666 423 3730; x_wconf 91' lang='lat' dir='ltr'>dicam.</span> <span class='ocrx_word' id='word_1_203' title='bbox 484 3666 550 3752; x_wconf 86' lang='lat' dir='ltr'>Qui</span> <span class='ocrx_word' id='word_1_204' title='bbox 581 3685 657 3730; x_wconf 92' lang='lat' dir='ltr'>cum</span> <span class='ocrx_word' id='word_1_205' title='bbox 687 3665 717 3730; x_wconf 90' lang='lat' dir='ltr'>ei</span> <span class='ocrx_word' id='word_1_206' title='bbox 749 3666 887 3730; x_wconf 88' lang='lat' dir='ltr'>nimium</span> <span class='ocrx_word' id='word_1_207' title='bbox 926 3686 988 3750; x_wconf 94' lang='lat' dir='ltr'>pro</span> <span class='ocrx_word' id='word_1_208' title='bbox 1022 3665 1084 3731; x_wconf 91' lang='lat' dir='ltr'>hac</span> <span class='ocrx_word' id='word_1_209' title='bbox 1114 3686 1149 3729; x_wconf 92' lang='lat' dir='ltr'>re</span> <span class='ocrx_word' id='word_1_210' title='bbox 1179 3666 1366 3746; x_wconf 90' lang='lat' dir='ltr'>indicanda,</span> 
     </span>
     <span class='ocr_line' id='line_1_27' title="bbox 199 3768 1366 3854; baseline 0.002 -21"><span class='ocrx_word' id='word_1_211' title='bbox 199 3769 329 3835; x_wconf 87' lang='lat' dir='ltr'>molesti</span> <span class='ocrx_word' id='word_1_212' title='bbox 359 3778 477 3834; x_wconf 85' lang='lat' dir='ltr'>essent</span> <span class='ocrx_word' id='word_1_213' title='bbox 538 3769 574 3836; x_wconf 89' lang='lat' dir='ltr'>Si</span> <span class='ocrx_word' id='word_1_214' title='bbox 610 3768 802 3848; x_wconf 86' lang='lat' dir='ltr'>celaveritis,</span> <span class='ocrx_word' id='word_1_215' title='bbox 832 3770 947 3853; x_wconf 84' lang='lat' dir='ltr'>inquit,</span> <span class='ocrx_word' id='word_1_216' title='bbox 977 3772 1116 3854; x_wconf 88' lang='lat' dir='ltr'>prodam</span> <span class='ocrx_word' id='word_1_217' title='bbox 1154 3769 1258 3849; x_wconf 89' lang='lat' dir='ltr'>vobis,</span> <span class='ocrx_word' id='word_1_218' title='bbox 1287 3771 1366 3853; x_wconf 89' lang='lat' dir='ltr'>quia</span> 
     </span>
     <span class='ocr_line' id='line_1_28' title="bbox 196 3871 1364 3959; baseline 0.002 -21"><span class='ocrx_word' id='word_1_219' title='bbox 196 3894 273 3939; x_wconf 89' lang='lat' dir='ltr'>amo</span> <span class='ocrx_word' id='word_1_220' title='bbox 299 3892 365 3938; x_wconf 82' lang='lat' dir='ltr'>vos</span> <span class='ocrx_word' id='word_1_221' title='bbox 426 3871 556 3956; x_wconf 83' lang='lat' dir='ltr'>Quibus</span> <span class='ocrx_word' id='word_1_222' title='bbox 586 3872 686 3938; x_wconf 88' lang='lat' dir='ltr'>fidem</span> <span class='ocrx_word' id='word_1_223' title='bbox 713 3875 879 3952; x_wconf 90' lang='lat' dir='ltr'>dantibus,</span> <span class='ocrx_word' id='word_1_224' title='bbox 905 3875 952 3939; x_wconf 86' lang='lat' dir='ltr'>sic</span> <span class='ocrx_word' id='word_1_225' title='bbox 982 3874 1024 3939; x_wconf 91' lang='lat' dir='ltr'>ad</span> <span class='ocrx_word' id='word_1_226' title='bbox 1052 3895 1109 3939; x_wconf 92' lang='lat' dir='ltr'>eos</span> <span class='ocrx_word' id='word_1_227' title='bbox 1139 3875 1364 3959; x_wconf 91' lang='lat' dir='ltr'>proloquitur:</span> 
     </span>
     <span class='ocr_line' id='line_1_29' title="bbox 199 3978 1367 4063; baseline -0.002 -17"><span class='ocrx_word' id='word_1_228' title='bbox 199 3979 316 4061; x_wconf 89' lang='lat' dir='ltr'>Usque</span> <span class='ocrx_word' id='word_1_229' title='bbox 339 3979 372 4041; x_wconf 88' lang='lat' dir='ltr'>in</span> <span class='ocrx_word' id='word_1_230' title='bbox 396 3987 594 4060; x_wconf 88' lang='lat' dir='ltr'>praesentem</span> <span class='ocrx_word' id='word_1_231' title='bbox 617 3979 707 4043; x_wconf 92' lang='lat' dir='ltr'>diem</span> <span class='ocrx_word' id='word_1_232' title='bbox 732 3999 816 4043; x_wconf 78' lang='lat' dir='ltr'>meae</span> <span class='ocrx_word' id='word_1_233' title='bbox 840 3978 1114 4063; x_wconf 82' lang='lat' dir='ltr'>peregrinationis</span> <span class='ocrx_word' id='word_1_234' title='bbox 1137 3980 1170 4043; x_wconf 92' lang='lat' dir='ltr'>in</span> <span class='ocrx_word' id='word_1_235' title='bbox 1193 3978 1367 4044; x_wconf 89' lang='lat' dir='ltr'>Britannia</span> 
     </span>
     <span class='ocr_line' id='line_1_30' title="bbox 197 4080 1366 4168; baseline 0.002 -22"><span class='ocrx_word' id='word_1_236' title='bbox 197 4081 325 4146; x_wconf 91' lang='lat' dir='ltr'>terdeni</span> <span class='ocrx_word' id='word_1_237' title='bbox 348 4080 506 4164; x_wconf 92' lang='lat' dir='ltr'>completi</span> <span class='ocrx_word' id='word_1_238' title='bbox 530 4092 607 4147; x_wconf 93' lang='lat' dir='ltr'>sunt</span> <span class='ocrx_word' id='word_1_239' title='bbox 629 4083 716 4147; x_wconf 90' lang='lat' dir='ltr'>anni.</span> <span class='ocrx_word' id='word_1_240' title='bbox 763 4083 869 4148; x_wconf 88' lang='lat' dir='ltr'>Petivi</span> <span class='ocrx_word' id='word_1_241' title='bbox 891 4103 1026 4168; x_wconf 92' lang='lat' dir='ltr'>quoque</span> <span class='ocrx_word' id='word_1_242' title='bbox 1047 4104 1068 4148; x_wconf 91' lang='lat' dir='ltr'>a</span> <span class='ocrx_word' id='word_1_243' title='bbox 1090 4083 1249 4162; x_wconf 89' lang='lat' dir='ltr'>Domino,</span> <span class='ocrx_word' id='word_1_244' title='bbox 1271 4091 1309 4148; x_wconf 92' lang='lat' dir='ltr'>ut</span> <span class='ocrx_word' id='word_1_245' title='bbox 1331 4083 1366 4148; x_wconf 90' lang='lat' dir='ltr'>in</span> 
     </span>
     <span class='ocr_line' id='line_1_31' title="bbox 199 4185 1368 4269; baseline 0.001 -19"><span class='ocrx_word' id='word_1_246' title='bbox 199 4185 264 4250; x_wconf 86' lang='lat' dir='ltr'>fine</span> <span class='ocrx_word' id='word_1_247' title='bbox 288 4185 445 4250; x_wconf 87' lang='lat' dir='ltr'>tricesimi</span> <span class='ocrx_word' id='word_1_248' title='bbox 469 4185 568 4269; x_wconf 88' lang='lat' dir='ltr'>hujus</span> <span class='ocrx_word' id='word_1_249' title='bbox 601 4187 679 4250; x_wconf 91' lang='lat' dir='ltr'>anni</span> <span class='ocrx_word' id='word_1_250' title='bbox 703 4185 908 4266; x_wconf 90' lang='lat' dir='ltr'>dissolverer,</span> <span class='ocrx_word' id='word_1_251' title='bbox 932 4195 1065 4252; x_wconf 92' lang='lat' dir='ltr'>etcum</span> <span class='ocrx_word' id='word_1_252' title='bbox 1089 4186 1163 4269; x_wconf 91' lang='lat' dir='ltr'>ipso</span> <span class='ocrx_word' id='word_1_253' title='bbox 1187 4205 1304 4265; x_wconf 87' lang='lat' dir='ltr'>essem,</span> <span class='ocrx_word' id='word_1_254' title='bbox 1332 4193 1368 4251; x_wconf 89' lang='lat' dir='ltr'>et</span> 
     </span>
     <span class='ocr_line' id='line_1_32' title="bbox 198 4288 1366 4376; baseline 0.001 -22"><span class='ocrx_word' id='word_1_255' title='bbox 198 4290 270 4354; x_wconf 82' lang='lat' dir='ltr'>haec</span> <span class='ocrx_word' id='word_1_256' title='bbox 292 4288 355 4355; x_wconf 82' lang='lat' dir='ltr'>suit</span> <span class='ocrx_word' id='word_1_257' title='bbox 377 4309 476 4354; x_wconf 88' lang='lat' dir='ltr'>causa</span> <span class='ocrx_word' id='word_1_258' title='bbox 498 4289 634 4369; x_wconf 85' lang='lat' dir='ltr'>laetitiae,</span> <span class='ocrx_word' id='word_1_259' title='bbox 646 4310 746 4374; x_wconf 88' lang='lat' dir='ltr'>super</span> <span class='ocrx_word' id='word_1_260' title='bbox 767 4310 834 4375; x_wconf 89' lang='lat' dir='ltr'>qua</span> <span class='ocrx_word' id='word_1_261' title='bbox 852 4290 1044 4356; x_wconf 80' lang='lat' dir='ltr'>molestatis</span> <span class='ocrx_word' id='word_1_262' title='bbox 1089 4289 1242 4376; x_wconf 84' lang='lat' dir='ltr'>Angelos</span> <span class='ocrx_word' id='word_1_263' title='bbox 1264 4290 1366 4355; x_wconf 89' lang='lat' dir='ltr'>etiam</span> 
     </span>
     <span class='ocr_line' id='line_1_33' title="bbox 199 4392 1370 4478; baseline 0.003 -20"><span class='ocrx_word' id='word_1_264' title='bbox 199 4401 333 4458; x_wconf 90' lang='lat' dir='ltr'>sanctos</span> <span class='ocrx_word' id='word_1_265' title='bbox 347 4392 425 4471; x_wconf 86' lang='lat' dir='ltr'>vidi,</span> <span class='ocrx_word' id='word_1_266' title='bbox 440 4412 620 4478; x_wconf 69' lang='lat' dir='ltr'>egressurae</span> <span class='ocrx_word' id='word_1_267' title='bbox 636 4394 757 4459; x_wconf 69' lang='lat' dir='ltr'>animae</span> <span class='ocrx_word' id='word_1_268' title='bbox 773 4394 815 4459; x_wconf 93' lang='lat' dir='ltr'>de</span> <span class='ocrx_word' id='word_1_269' title='bbox 831 4414 929 4459; x_wconf 89' lang='lat' dir='ltr'>came</span> <span class='ocrx_word' id='word_1_270' title='bbox 941 4393 1064 4460; x_wconf 83' lang='lat' dir='ltr'>obvios</span> <span class='ocrx_word' id='word_1_271' title='bbox 1103 4394 1171 4461; x_wconf 89' lang='lat' dir='ltr'>Sed</span> <span class='ocrx_word' id='word_1_272' title='bbox 1187 4414 1263 4460; x_wconf 92' lang='lat' dir='ltr'>ecce</span> <span class='ocrx_word' id='word_1_273' title='bbox 1278 4403 1370 4462; x_wconf 89' lang='lat' dir='ltr'>stant</span> 
     </span>
    </p>
   </div>
   <div class='ocr_carea' id='block_1_7' title="bbox 655 4595 952 4658">
    <p class='ocr_par' dir='ltr' id='par_1_7' title="bbox 655 4595 952 4658">
     <span class='ocr_line' id='line_1_34' title="bbox 655 4595 952 4658; baseline -0.017 -10"><span class='ocrx_word' id='word_1_274' title='bbox 655 4595 788 4648; x_wconf 66' lang='lat' dir='ltr'>radan.</span> <span class='ocrx_word' id='word_1_275' title='bbox 804 4595 867 4658; x_wconf 84' lang='lat'>111..</span> <span class='ocrx_word' id='word_1_276' title='bbox 880 4608 919 4648; x_wconf 74' lang='lat' dir='ltr'>aa.</span> <span class='ocrx_word' id='word_1_277' title='bbox 946 4633 952 4642; x_wconf 95' lang='lat'>.</span> 
     </span>
    </p>
   </div>
   <div class='ocr_carea' id='block_1_8' title="bbox 0 0 1627 5520">
    <p class='ocr_par' dir='ltr' id='par_1_8' title="bbox 0 0 1627 5520">
     <span class='ocr_line' id='line_1_35' title="bbox 0 0 1627 5520; baseline 0 0"><span class='ocrx_word' id='word_1_278' title='bbox 0 0 1627 5520; x_wconf 95' lang='lat' dir='ltr'> </span> 
     </span>
    </p>
   </div>
  </div>
 </body>
</html>
