3226 5520
624 486 948 557 COLUMBAE;
1299 508 1361 576 om

196 697 311 764 Sancti
327 697 472 776 sundere,
487 706 522 761 et
536 695 634 762 valde
649 715 808 780 spumans
824 695 908 762 flere
954 696 1055 780 Quod
1071 697 1187 764 videns
1206 699 1363 778 minister,

195 801 297 885 coepit
323 800 416 866 illum
443 800 586 864 flebilem
613 799 771 884 repellere
800 799 1062 865 lamentatorem.
1120 801 1187 868 Sed
1219 802 1363 868 Sanctus

195 905 364 989 prohibuit
379 925 464 985 eum,
480 906 613 970 dicens:
638 905 719 970 Sine
734 905 831 982 hunc,
847 905 917 969 sine
940 906 1043 970 nostri
1066 915 1261 985 amatorem,
1276 915 1313 972 ut
1329 907 1361 970 in

194 1011 283 1075 hunc
299 1031 409 1075 meum
426 1010 534 1074 sinum
557 1008 653 1074 fletus
668 1008 818 1073 effundat
834 1009 1030 1073 amarissimi
1054 1010 1229 1094 plangoris
1275 1010 1364 1077 Ecce

109 1163 112 1169 -
195 1126 241 1193 tu,
256 1115 358 1179 homo
379 1136 456 1179 cum
479 1115 532 1192 sis,
553 1124 587 1178 et
610 1113 805 1178 rationalem
829 1114 975 1178 animam
999 1113 1131 1193 habeas,
1150 1115 1241 1179 nullo
1262 1117 1364 1180 modo

194 1220 276 1284 scire
302 1221 345 1284 de
371 1239 447 1283 meo
472 1220 566 1283 exitu
597 1219 743 1302 potuisti,
770 1219 832 1282 nisi
859 1221 948 1301 quod
976 1219 1036 1283 tibi
1066 1240 1131 1303 ego
1161 1221 1231 1303 ipse
1259 1241 1365 1303 nuper

196 1323 413 1388 manifestavi.
460 1323 550 1387 Huic
566 1344 643 1386 vero
666 1323 764 1389 bruto
786 1332 820 1388 et
842 1324 1020 1387 irrationali
1044 1326 1215 1403 animanti,
1231 1345 1364 1408 quoque

196 1429 297 1492 modo
313 1439 349 1492 ut
365 1430 435 1511 ipse
451 1428 614 1493 Conditor
629 1429 741 1506 voluit,
757 1448 963 1512 egressurum
980 1449 1000 1492 a
1014 1449 1050 1493 se
1065 1428 1238 1493 dominum
1259 1430 1363 1494 mani-

195 1531 277 1597 ieste
304 1532 467 1597 revelavit.
526 1533 571 1597 Et
596 1533 668 1596 haec
695 1534 817 1611 dicens,
844 1544 998 1598 maestum
1028 1554 1049 1597 a
1079 1554 1114 1597 se
1144 1543 1363 1598 revertentem

194 1657 317 1720 equum
333 1637 506 1702 benedixit
523 1637 788 1701 ministratorem.

239 1741 286 1806 Et
300 1741 377 1806 inde
393 1743 574 1826 egrediens,
597 1752 631 1806 ct
653 1741 881 1807 monticellum
901 1743 1102 1807 monasterio
1117 1743 1365 1827 supereminen-

194 1855 263 1911 tem
279 1849 471 1925 ascendens,
486 1848 519 1910 in
535 1847 658 1911 vertice
673 1847 743 1929 ejus
759 1847 930 1930 paululum
952 1847 1052 1925 stetit,
1074 1856 1109 1911 et
1131 1857 1232 1926 stans,
1247 1847 1364 1912 ambas

195 1951 328 2015 elevans
354 1951 492 2034 palmas,
519 1971 615 2016 suum
643 1950 816 2014 benedixit
842 1950 1041 2028 coenobium,
1068 1951 1240 2033 inquiens:
1274 1952 1364 2016 Huic

195 2056 277 2133 loco,
292 2057 476 2139 quamlibet
499 2064 650 2139 angust0,
673 2064 706 2119 et
730 2055 793 2132 vili,
815 2075 881 2119 non
905 2063 1036 2120 tantum
1060 2055 1236 2121 Scotorum
1261 2076 1364 2139 reges,

195 2180 270 2225 cum
297 2160 437 2244 populis,
464 2161 522 2225 sed
549 2160 650 2224 etiam
678 2159 904 2224 barbararum⁸
932 2168 966 2224 et
995 2170 1185 2225 exterarum
1212 2160 1362 2243 gentium

195 2274 396 2349 regnatores,
425 2284 501 2328 cum
540 2263 692 2347 plebibus
722 2263 783 2327 sibi
821 2263 987 2346 subjectis,
1024 2264 1184 2346 grandem
1223 2274 1257 2328 et
1295 2283 1362 2328 non

196 2369 394 2432 mediocrem
437 2367 606 2431 conserent
647 2367 828 2431 honorem:
870 2388 891 2431 a
927 2369 1049 2431 sanctis
1091 2388 1223 2451 quoque
1261 2368 1362 2432 etiarn

195 2473 332 2537 aliarum
349 2474 560 2537 ecclesiarum
577 2492 643 2537 non
661 2473 836 2538 mediocris
851 2473 1019 2537 veneratio
1035 2472 1226 2537 conferetur.

198 2715 213 2800 l
230 2731 256 2798 3.
305 2712 467 2793 Quomodo
490 2714 633 2780 Sanctus
650 2713 803 2780 Columba
817 2714 898 2778 hora
913 2715 1027 2778 martis
1042 2715 1182 2780 instante
1197 2716 1364 2797 mysticam

280 2818 413 2884 Psalmi
433 2819 625 2884 divisionem
643 2819 749 2900 fecit:
774 2830 806 2883 ct
826 2818 1004 2884 Monachos
1024 2820 1072 2884 ad
1090 2830 1237 2885 mutuam
1259 2821 1363 2886 clran'·

281 2932 380 2988 tatem
394 2923 552 2989 hortatur.

196 3097 291 3162 POST
307 3096 379 3159 haec
394 3098 502 3174 verba,
517 3097 560 3159 de
575 3096 632 3160 illo
647 3096 852 3161 descendens
871 3098 1105 3178 monticellulo,
1121 3108 1154 3164 et
1170 3101 1212 3164 ad
1232 3119 1364 3166 monas·

195 3201 313 3266 terium
331 3210 505 3276 revertens,
521 3201 657 3264 sedebat
674 3201 706 3264 in
723 3201 856 3284 tugurio
872 3202 1068 3267 Psalterium
1084 3203 1250 3284 scribens;
1271 3214 1305 3269 et
1320 3206 1362 3271 ad

195 3305 286 3369 illum
300 3303 454 3368 tricesimi
468 3304 554 3367 tertii
573 3304 694 3367 Psalmi
706 3304 902 3368 versiculum
920 3308 1124 3388 perveniens,
1136 3308 1192 3373 ubi
1204 3309 1365 3389 scribitur,

198 3410 405 3493 Inquirentcs
428 3418 541 3472 autem
566 3408 749 3472 Dominum
774 3429 840 3472 non
863 3408 1017 3474 deficient
1040 3412 1131 3474 omni
1153 3412 1263 3477 bono:
1288 3413 1364 3491 Hic,

194 3515 249 3590 ait,
287 3514 319 3576 in
358 3512 424 3576 fine
453 3513 649 3576 cessandum
689 3523 739 3576 est
776 3514 929 3596 paginae3
965 3534 1041 3597 quae
1071 3536 1149 3580 vero
1181 3526 1364 3601 sequuntur

195 3619 399 3683 Baithcneus
428 3616 556 3681 scribat.
618 3617 744 3682 Sancto
767 3618 1001 3682 convenienter
1023 3621 1175 3704 congruit
1200 3621 1364 3688 decessori

195 3724 392 3787 novissimus
408 3721 596 3798 versiculus,
612 3742 710 3805 quem
727 3722 911 3805 scripserat,
926 3723 978 3786 cui
995 3743 1164 3806 nunquam
1180 3726 1269 3790 bona
1284 3725 1363 3790 defi·

194 3828 283 3892 cient
309 3837 454 3905 aeterna;
478 3826 657 3890 successori
684 3845 762 3890 vero
783 3846 924 3910 sequens
946 3827 1041 3910 patri,
1065 3828 1261 3910 spiritalium
1285 3831 1363 3896 doc·

194 3933 257 3998 tori
280 3931 431 4009 filiorum,
454 3932 585 4008 Venite,
608 3930 662 4009 fili,
685 3930 798 3994 audite
822 3951 883 4008 me,
900 3930 1053 3995 timorem
1075 3932 1213 3997 Domini
1235 3935 1364 4001 docebo

193 4057 262 4116 vos,
288 4045 507 4120 congruenter
533 4035 709 4112 convenit;
739 4035 804 4118 qui,
827 4035 911 4099 sicut
933 4037 1086 4099 decessor
1108 4040 1364 4118 commendavit,

195 4162 260 4205 non
278 4141 384 4204 solum
402 4141 430 4204 ei
447 4141 608 4217 docendo,
624 4140 682 4204 sed
699 4139 799 4203 etiam
816 4140 999 4218 scribendo,
1015 4143 1177 4206 successit

239 4247 318 4310 Post
349 4246 449 4310 talem
481 4245 631 4326 superius
662 4250 882 4307 memoratum
912 4244 1099 4307 terminatae
1128 4265 1259 4309 versum
1290 4268 1363 4331 per.

195 4351 352 4434 scriptum
378 4350 518 4433 paginae,
541 4348 683 4414 Sanctus
706 4349 748 4412 ad
770 4347 1023 4431 vespertinalem
1049 4349 1235 4414 Dominicae
1256 4353 1363 4417 noctis

656 4584 773 4642 ibono.
789 4581 901 4641 licoat
