3226 5520
650 494 959 567 COLUMBAE.
1326 511 1385 582 tn

219 713 254 768 et
275 704 404 768 lenibus
426 704 537 769 flabris
558 704 675 769 eadem
699 704 754 770 die
777 714 990 787 nostramque
1012 712 1209 788 appetentes
1235 703 1388 781 insulam,

218 808 290 873 sine
311 809 379 874 ulla
401 809 616 887 laboratione,
636 829 712 874 cum
736 808 800 873 iltis
825 809 980 874 omnibus
1006 809 1063 893 qui
1091 809 1231 874 navibus
1259 808 1389 873 inerant

220 914 340 978 nostris
355 915 632 998 cooperatoribus
649 914 681 976 in
702 913 866 997 lignorum
890 913 1061 978 evectione
1081 915 1274 998 gaudentes,
1289 914 1388 978 deve-

219 1016 335 1083 himur.
382 1018 460 1083 Non
488 1019 704 1097 mediocriter,
727 1018 911 1101 quamlibet
934 1017 1022 1096 leviS,
1047 1017 1101 1082 illa
1128 1017 1265 1100 querula
1292 1016 1388 1081 nobis

220 1123 325 1186 sancti
352 1123 519 1188 accusatio
544 1123 604 1187 viri
631 1122 761 1206 profuit
808 1122 1000 1207 Quantique
1027 1132 1061 1186 et
1087 1122 1194 1206 qualis
1220 1131 1271 1187 est
1297 1122 1387 1206 apud

220 1225 331 1290 Deum
357 1228 465 1292 meriti
490 1226 633 1294 Sanctus
660 1237 808 1311 apparet,
834 1247 934 1310 quem
961 1227 995 1292 in
1021 1237 1195 1293 ventorum
1220 1228 1290 1313 ipse
1317 1237 1387 1291 tam

219 1329 317 1394 celeri
332 1332 545 1397 conversione
560 1333 718 1398 audierat

252 1434 366 1500 Tertia
378 1437 517 1520 proinde
529 1438 689 1515 vice,cum
703 1456 764 1500 nos
775 1436 892 1502 aestivo
901 1445 1060 1520 tempore,
1068 1446 1144 1520 post
1157 1435 1387 1501 Hiberniensis

220 1540 340 1621 synodi
355 1540 567 1620 condictum,⁵
593 1541 627 1604 in
650 1540 747 1625 plebe
763 1539 901 1605 Generis
918 1539 1050 1605 Lorrni⁶
1071 1561 1130 1624 per
1145 1540 1280 1624 aliquot,
1296 1539 1386 1603 venti

220 1645 461 1725 contrarietate,
487 1647 728 1711 retardaremur
753 1646 834 1724 dies,
859 1646 902 1710 ad
933 1644 1090 1712 Saineam
1118 1644 1312 1710 devenimus
1339 1643 1386 1706 in·

221 1746 374 1830 sulam⁷;
395 1749 584 1834 ibidemque
600 1751 790 1814 demoratos
806 1749 923 1814 festiva
945 1749 1050 1814 sancti
1067 1746 1240 1814 Columbae
1262 1768 1331 1811 nox
1354 1757 1387 1812 et

220 1851 375 1917 solemnis
412 1854 483 1919 dies
521 1874 581 1917 nos
618 1854 743 1918 invenit
773 1853 870 1918 valde
906 1850 1118 1930 tristificatos,
1147 1851 1302 1916 videlicet
1332 1851 1387 1914 de-

219 1957 401 2022 siderantes
416 1959 533 2023 eadem
549 1959 638 2022 diem
656 1959 688 2022 in
716 1958 799 2023 lona
815 1958 922 2022 lacere
937 1955 1103 2021 laetificam
1126 1955 1240 2020 insula
1287 1953 1388 2020 Unde

219 2062 304 2127 sicut
340 2063 430 2146 prius
463 2063 528 2129 alia
565 2063 784 2146 querebamur
812 2063 894 2139 vice,
924 2063 1092 2127 dicentes:
1133 2058 1290 2125 Placetne
1318 2059 1388 2138 tibi,

220 2165 352 2246 Sancte,
368 2169 546 2232 crastinam
562 2179 629 2233 tuae
645 2167 833 2232 festivitatis
849 2168 934 2231 inter
956 2165 1113 2249 plebeios,
1128 2173 1163 2229 et
1185 2184 1252 2229 non
1276 2163 1310 2226 in
1331 2172 1389 2228 tua

219 2270 357 2336 ecclesia
372 2272 554 2355 transigere
576 2272 692 2336 diem?
738 2271 848 2335 Facile
870 2271 929 2335 tibi
953 2280 1004 2334 est
1026 2268 1102 2335 talis
1117 2269 1150 2333 in
1167 2268 1308 2333 exordio
1323 2267 1389 2333 diei

218 2394 239 2439 a
255 2375 403 2440 Domino
428 2375 657 2459 impetrarent
689 2375 843 2439 contrarii
859 2375 891 2439 in
920 2376 1084 2441 secundos
1106 2382 1275 2439 vertantur
1289 2373 1391 2452 venti,

219 2489 253 2545 et
276 2479 308 2543 in
332 2489 390 2544 tua
412 2481 617 2545 celebremus
639 2481 778 2544 ecclesia
807 2481 855 2544 tui
880 2479 999 2545 natalis
1022 2480 1196 2544 missarum
1220 2478 1388 2543 solemnia.

221 2584 300 2648 Post
315 2583 456 2647 eandem
470 2593 671 2648 transactam
688 2595 821 2648 noctem
837 2584 984 2649 diluculo
1001 2606 1098 2649 mane
1115 2583 1344 2668 consurgimus
1356 2594 1390 2649 et

219 2687 371 2751 videntes
401 2708 546 2752 cessasse
576 2689 757 2752 contrarios
785 2688 890 2767 flatuS,
913 2691 1101 2753 conscensis
1128 2689 1275 2766 navibus,
1299 2687 1391 2752 nullo

219 2790 320 2855 flante
347 2802 455 2870 vent0,
478 2793 511 2856 in
540 2812 630 2857 mare
657 2793 894 2876 progredimur,
916 2805 950 2859 et
976 2814 1052 2857 ecce
1082 2794 1195 2858 statim
1225 2802 1302 2875 post
1329 2812 1390 2856 nos

218 2904 329 2959 auster
354 2895 538 2974 cardinalis,
560 2897 617 2979 qui
643 2907 678 2960 et
701 2905 799 2960 notus
825 2897 926 2962 inflat
972 2897 1060 2961 Tum
1083 2898 1223 2980 proinde
1250 2907 1388 2961 ovantes

219 3008 331 3063 nautae
342 2997 415 3063 vela
431 2998 620 3082 subrigunt:
636 2999 748 3082 sicque
760 3020 799 3063 ea
812 3000 866 3063 die
878 2999 963 3078 talis,
975 3000 1045 3063 sine
1057 2998 1178 3078 labore,
1191 3010 1304 3064 nostra
1318 3010 1388 3064 tarn

222 3100 342 3167 festina
358 3103 535 3187 navigatio,
547 3114 580 3167 et
596 3113 665 3167 tarn
681 3122 848 3188 prospera,
864 3104 963 3168 beato
974 3105 1045 3167 viro
1060 3106 1208 3169 donante
1224 3104 1307 3182 Deo,
1320 3103 1391 3181 luit,

224 3216 260 3272 ut
275 3207 370 3271 sicuti
387 3208 478 3290 prius
493 3208 738 3290 exoptavimus,
753 3216 830 3291 post
852 3208 968 3272 horam
987 3209 1052 3273 diei
1075 3208 1207 3272 tertiam
1231 3208 1273 3272 ad
1299 3208 1391 3273 lonae

220 3322 352 3394 portum
371 3312 601 3395 pervenientes
617 3311 742 3390 insulae,
758 3322 875 3394 postea
890 3332 1049 3378 mannum
1065 3323 1099 3377 et
1118 3312 1241 3396 pedum
1257 3324 1392 3395 peracta

219 3414 393 3494 lavatione,
409 3415 491 3480 hora
514 3426 612 3480 sexta
634 3417 806 3481 ecclesiam
831 3437 906 3481 curn
931 3417 1085 3483 fratribus
1112 3418 1283 3495 intrantes,
1298 3437 1392 3482 sacra

220 3520 394 3584 missarum
418 3520 580 3585 solemnia
602 3523 724 3604 pariter
745 3521 994 3600 celebraremus,
1011 3523 1044 3586 in
1064 3522 1118 3587 die
1134 3522 1220 3587 sesto
1240 3523 1273 3586 in
1289 3543 1389 3605 quam

219 3623 339 3688 natalis
368 3633 557 3687 sanctorum
586 3623 760 3690 Columbae
783 3635 817 3690 et
844 3624 998 3691 Baitheni
1013 3625 1042 3691 :⁸
1064 3626 1158 3710 cujus
1184 3626 1338 3703 diluculo,
1354 3635 1391 3690 ut

251 3925 315 3975 slts
332 3925 391 3974 date
411 3923 432 3975 is
450 3923 588 3985 uncertain,
610 3925 654 3975 but
677 3925 696 3975 it
715 3941 765 3977 war
785 3926 908 3992 probably
924 3927 983 3978 held
1000 3943 1016 3978 a
1032 3927 1205 3979 considerable
1224 3929 1285 3980 time
1304 3929 1390 3980 belore

219 4006 355 4056 Adamnan
369 4015 445 4056 wrote
456 4006 496 4056 hia
507 4007 631 4057 mernoira.

252 4085 265 4123 ⁶
278 4089 365 4148 loerni,
379 4091 412 4140 Α.
447 4089 503 4139 the
515 4089 579 4140 tribe
590 4090 618 4138 ol
627 4089 705 4150 loru,
717 4090 777 4141 trith
794 4091 875 4143 which
888 4092 925 4143 St.
940 4091 1065 4142 Columba
1079 4107 1129 4142 was
1140 4093 1234 4158 closely
1241 4095 1387 4156 connected,

219 4169 295 4236 being
306 4171 432 4234 grandson
448 4170 478 4220 ot'
494 4171 566 4230 Erec,
580 4170 702 4236 daughter
717 4171 747 4224 ol
763 4173 846 4223 Loarn
864 4173 931 4223 Mor.
967 4174 1004 4225 Ol
1021 4173 1064 4224 the
1078 4174 1131 4224 litat
1151 4175 1241 4226 twelve
1260 4176 1350 4228 ahbotr
1364 4175 1394 4227 ot

218 4253 272 4318 Hy,
287 4253 353 4313 nine,
368 4253 496 4318 including
507 4254 651 4314 Adamuan,
666 4271 730 4306 were
742 4255 883 4306 descended
894 4255 959 4305 lrorn
971 4255 1023 4306 her.

252 4349 265 4386 t
278 4336 333 4386 The
345 4335 426 4385 island
438 4336 466 4386 ol
475 4335 570 4396 Shuna,
584 4335 610 4385 in
623 4336 719 4387 hlether
732 4337 824 4399 Lorne,
836 4353 896 4388 near
907 4337 941 4388 ita
954 4337 1074 4388 routhren
1083 4338 1224 4403 extremity.

254 4418 344 4483 ⁸June
365 4418 418 4482 9th.
461 4418 635 4470 studuere
654 4435 705 4470 was
722 4418 923 4485 cousin-german
940 4420 992 4470 and
1010 4419 1154 4471 immediate
1172 4423 1337 4473 sucoearorot
1351 4424 1389 4475 St.

219 4501 351 4557 Columba
389 4500 431 4550 lle
443 4500 513 4550 ruled
532 4501 601 4551 three
614 4517 693 4566 years,
707 4503 757 4552 and
774 4501 833 4552 died
851 4514 908 4553 nn.
921 4501 979 4554 600.
1025 4504 1073 4554 See
1088 4502 1207 4570 Colgau's
1218 4506 1283 4556 Acro
1292 4507 1350 4568 SS.,
1365 4523 1389 4573 p.

218 4587 281 4653 ⁴³⁸·
294 4584 345 4636 aad
360 4583 412 4634 Tite
421 4583 587 4647 Bellonam,
597 4584 665 4651 June
675 4585 714 4647 u,
727 4601 770 4652 pp.
785 4596 901 4651 agant
