3226 5520
244 486 289 553 44
676 464 975 537 onrrcrunr

292 672 356 723 Ant.
393 669 502 738 Lignum
512 669 604 722 florens
614 670 712 721 aridum
727 668 732 735 Ι
745 669 841 722 cunctis
851 676 901 721 stet
911 669 938 720 in
949 669 1056 735 signum,

392 753 459 805 Fons
470 768 602 819 erumpens
613 752 733 804 famulum
748 751 753 818 Ι
767 753 856 818 prohat
868 752 926 803 Deo
936 753 1049 818 dignum.

569 837 611 886 Pr.
626 834 736 886 Domine
747 834 774 885 in
784 834 883 887 virtute.

292 919 357 970 Ant.
393 917 505 969 Niniano
516 916 614 983 singula
628 917 634 983 1
646 923 734 983 parent
746 917 886 969 elementa:

392 999 471 1066 Ignis,
483 1015 535 1062 aer,
548 999 626 1061 arida,
642 997 647 1063 1
662 1007 737 1064 potua
747 1007 773 1050 et
784 999 886 1050 fluenta.

570 1083 612 1132 Pr.
627 1081 732 1132 Domini
742 1090 780 1133 eat
792 1090 866 1133 terra.

290 1164 355 1217 Vm.
389 1166 477 1232 Jurtus
488 1170 515 1215 ut
526 1165 619 1230 palme.

245 1247 425 1313 Evangeliunr.
461 1248 549 1299 Homo
560 1247 662 1313 quidem
672 1262 775 1313 peregre
786 1254 833 1298 etc.

310 1399 428 1450 mmm
445 1397 597 1450 rmum
612 1397 686 1449 nene
697 1398 873 1464 praryeerrre
883 1398 938 1449 vua
948 1405 972 1450 ιι
982 1397 1113 1449 meracum
1123 1393 1347 1448 muranum

278 1530 361 1582 lectr'o
377 1531 436 1582 ν11.
478 1530 589 1582 Verbum
609 1531 677 1596 quod
697 1530 750 1596 ipse
770 1530 885 1591 breviter,
906 1537 979 1596 prout
998 1529 1109 1580 historiae
1127 1544 1179 1579 suae
1197 1535 1269 1580 tenor
1289 1524 1415 1591 postulare

246 1611 386 1673 videbatur,
398 1619 496 1662 tantum
507 1611 618 1678 tetigisse
629 1612 735 1672 videtur,
748 1611 822 1662 nobis
839 1613 902 1663 liber
917 1612 950 1662 de
966 1612 1019 1663 vita
1034 1620 1059 1663 et
1076 1610 1201 1662 miraculis
1217 1610 1270 1676 ejus
1286 1606 1415 1658 barbarice

245 1695 350 1760 scriptus
361 1695 435 1745 latius
445 1695 629 1761 exsequendum
641 1694 770 1761 proponit.
803 1695 853 1760 Qui
868 1695 969 1760 quidem
986 1695 1050 1746 liber
1065 1711 1082 1744 a
1092 1693 1228 1745 testimonii
1244 1692 1311 1743 illius
1327 1690 1413 1740 lunda-

246 1786 332 1830 mento
344 1793 465 1844 nusquam
476 1777 588 1838 devians,
602 1777 704 1828 modum
716 1784 813 1828 tantum
825 1794 876 1843 quo
887 1778 948 1828 talia
958 1777 1030 1828 initia
1040 1777 1152 1843 arripuit,
1161 1791 1212 1842 quo
1221 1776 1297 1826 telem
1308 1773 1415 1824 fructum

247 1860 392 1927 promeruit,
405 1876 456 1927 quo
468 1868 518 1911 tam
531 1859 683 1910 laudabilem
694 1859 769 1910 finem
781 1860 898 1920 obtinuit,
912 1858 1031 1910 historico
1042 1874 1111 1910 more
1121 1857 1264 1909 conscribit.

285 1960 358 2025 Resp.
394 1959 498 2025 Virgrm
510 1958 601 2009 timens
611 1974 667 2009 reus
678 1957 814 2024 discipulus

393 2043 489 2107 Fugam
501 2041 577 2092 subiit
588 2041 805 2099 adolescentulusr

393 2121 466 2173 Clam
477 2121 587 2172 defertur
599 2120 711 2186 magistri
721 2120 833 2182 baculus,

393 2204 452 2268 Quo
462 2203 572 2253 salvatur
582 2204 712 2254 nauclerus
723 2203 851 2253 tremulus.

292 2286 361 2337 Vers.
394 2285 471 2336 Multi
483 2285 631 2336 foraminum
647 2284 652 2350 Ι
665 2291 795 2351 patescunt
807 2283 897 2345 aditus,

396 2368 513 2419 Incursus
523 2367 654 2418 fluminum
669 2365 674 2432 Ι
687 2365 752 2418 sistit
764 2365 891 2417 divinitus.

394 2449 468 2501 Clam
481 2456 529 2501 etc.

280 2601 363 2652 Lectr'o
380 2601 454 2651 ν111.
496 2599 552 2662 [ln]
571 2599 657 2650 Insula
676 2597 759 2665 igitur,
780 2613 837 2665 quae
853 2596 980 2664 qnondam
998 2612 1014 2647 a
1033 2598 1111 2648 Bruto
1127 2604 1154 2649 ut
1171 2596 1261 2649 dicitur
1282 2595 1418 2648 Britanniae

249 2698 342 2736 nomen
361 2682 466 2748 accepit,
485 2681 512 2732 in
528 2680 606 2748 ipsius
626 2680 734 2731 nominis
752 2688 835 2746 gente,
857 2680 924 2730 hand
944 2679 1050 2744 ignobili
1070 2679 1165 2730 lamilia
1184 2679 1271 2730 beatus
1294 2678 1418 2729 Niniannr

248 2766 330 2818 extitit
341 2765 468 2824 oriundus,
487 2765 514 2814 in
530 2779 569 2824 en,
584 2771 610 2814 ut
626 2763 760 2829 [putatur,]
770 2762 872 2828 regione
883 2778 939 2828 quae
950 2762 976 2811 in
988 2761 1098 2812 occiduis
1109 2762 1186 2828 ipsius
1196 2761 1285 2812 insulae
1296 2761 1416 2826 partibus,

250 2848 294 2898 ubi
305 2862 413 2897 oceanus
423 2844 495 2912 quasi
506 2844 635 2895 brachium
647 2844 776 2910 porrigens
792 2859 841 2896 ιιι
855 2851 960 2909 utraque
971 2851 1041 2909 parte
1052 2844 1123 2909 quasi
1135 2844 1198 2894 duos
1208 2844 1314 2908 angulos
1325 2843 1419 2893 iaciens

250 2928 381 2981 Scotorum
393 2936 495 2980 nuncet
507 2928 648 2995 Anglorum
659 2943 735 2992 regna
746 2926 846 2988 dividit,
855 2927 999 2987 constituta,
1008 2927 1127 2992 usquead
1139 2925 1274 2977 novissima
1287 2926 1419 2976 Scotorum

248 3017 363 3077 tempora
382 3010 511 3076 proprium
530 3009 646 3060 habuisse
667 3024 758 3075 regem,
778 3023 830 3059 non
848 3009 928 3059 solum
948 3007 1107 3058 historiarum
1124 3007 1181 3070 fide,
1201 3009 1245 3059 sed
1261 3009 1418 3075 quorundam

250 3094 371 3145 memoria
382 3092 566 3159 comprobatur.

288 3177 361 3242 Resp.
398 3176 461 3227 Cum
474 3175 571 3240 collega
581 3174 619 3224 vir
630 3172 801 3239 proficiscitur,
818 3172 823 3238 Ι
838 3173 874 3224 sic
886 3172 1009 3238 psallendi
1021 3174 1090 3224 locus
1101 3172 1218 3239 eligitur;

396 3258 460 3308 Atra
471 3258 537 3308 nube
548 3258 639 3307 dumus
649 3257 789 3317 obducitur,
805 3255 810 3320 Ι
824 3256 905 3307 imber
916 3256 948 3307 de
959 3272 1009 3321 qua
1021 3256 1087 3305 lusus
1098 3255 1237 3316 emittitur;

398 3342 479 3406 Supra
490 3341 610 3390 Sanctum
623 3339 689 3388 unda
701 3338 862 3404 restringitur,
879 3338 883 3403 Ι
899 3354 974 3388 curva
985 3339 1051 3389 nube
1062 3354 1118 3389 cum
1130 3337 1339 3407 circumcingitur.

296 3422 361 3472 Vm.
398 3421 489 3471 Imbris
500 3421 592 3471 stillam
604 3420 719 3485 prohibet
730 3421 809 3470 nubes
820 3429 953 3480 camerata,

399 3504 439 3554 Ne
450 3504 526 3554 vestis
538 3503 577 3554 vel
588 3503 671 3554 littera
683 3502 769 3553 Sancti
780 3502 811 3552 sit
823 3503 911 3568 rigata.

399 3587 481 3651 Supra
491 3592 539 3637 etc.

285 3703 367 3754 Lectio
378 3703 428 3752 IX.
460 3703 533 3753 Pater
543 3702 597 3766 ejus
609 3717 651 3752 rex
663 3701 708 3751 fuit
720 3701 778 3752 fidei
790 3701 896 3767 talisque
904 3701 995 3763 meriti,
1005 3709 1031 3753 ut
1043 3701 1089 3752 tali
1100 3702 1170 3767 prole
1179 3701 1269 3767 dignus
1277 3701 1418 3763 haberetur,

254 3801 300 3852 per
311 3801 385 3851 quem
397 3801 428 3835 ea
438 3800 495 3849 quse
510 3785 591 3850 gentis
602 3800 653 3834 suae
664 3783 723 3834 fidei
735 3785 837 3835 deerunt
849 3785 1029 3851 supplerentur,
1043 3793 1068 3835 et
1080 3784 1181 3835 alterius
1191 3785 1274 3851 gentis
1285 3785 1355 3835 natio
1365 3802 1421 3851 quae

254 3869 314 3920 fidei
330 3875 485 3918 sacramenta
501 3883 552 3917 non
564 3873 674 3925 noverat,
688 3881 764 3917 sacrae
778 3867 904 3932 religionis
920 3867 1072 3918 imbueretur
1088 3867 1218 3932 mysteriis.
1256 3867 1308 3918 Hic
1324 3868 1350 3918 in
1368 3868 1422 3933 ipsa

253 3950 359 4002 infantia
375 3949 525 4000 sacrosancti
540 3949 698 4014 baptismatis
715 3949 782 3999 unda
798 3958 898 4000 renutus
915 3959 1008 4001 vestem
1027 3949 1164 4016 nuptialem
1181 3965 1257 4016 quam
1274 3951 1423 4000 candidatus

255 4033 363 4098 suscepit
374 4031 560 4082 immaculatam
571 4047 720 4081 conservans
731 4031 811 4082 victor
821 4032 938 4082 vitiorum
956 4032 1048 4083 Christi
1066 4048 1121 4082 eam
1138 4033 1313 4098 conspectibus
1324 4049 1423 4098 presen-

254 4114 325 4175 tavit,
344 4130 373 4165 ac
391 4113 511 4179 Spiritum
529 4113 648 4165 Sanctum
665 4129 739 4178 quem
757 4113 863 4178 primum
881 4114 968 4164 habuit
980 4114 1161 4174 mundatorem,
1175 4114 1337 4164 sanctissimis
1348 4115 1421 4165 mori·

255 4199 303 4248 bus
313 4197 351 4247 sui
362 4196 425 4246 sacri
437 4195 545 4261 pectoris
555 4195 648 4245 habere
659 4194 748 4244 meruit
760 4195 944 4245 illustratorem.
980 4195 1062 4260 Ipsius
1079 4210 1186 4260 namque
1201 4195 1344 4259 magisterio
1355 4197 1423 4261 quod

255 4279 406 4331 contrarium
419 4277 541 4344 religioni,
551 4277 618 4343 quod
631 4277 739 4327 castitati
750 4277 889 4337 adversum,
901 4277 969 4342 quod
980 4277 1054 4326 bonis
1065 4276 1175 4326 moribus
1186 4277 1344 4338 contrarium,
1355 4279 1424 4343 quod

254 4363 351 4429 legibus
363 4361 474 4413 veritatis
489 4360 627 4420 dissonum,
646 4360 729 4410 adhuc
745 4375 814 4425 puer,
833 4360 945 4410 sednon
962 4375 1035 4410 sensu
1055 4359 1152 4425 puerili,
1171 4359 1304 4409 exhorruit.
1348 4360 1424 4424 Quod

780 4569 905 4614 rMSrex.
