3226 5520
228 472 291 541 204
502 457 649 524 VITA
687 452 997 522 II.—LIBER
1036 450 1125 519 111.

228 660 372 727 officium
397 661 580 746 ingreditur
601 659 796 736 ecclesiam
819 674 887 740 quo
908 655 1068 721 continuo
1089 663 1352 735 consummato,
1376 656 1423 722 ad

227 765 443 851 hospitiolum
474 775 649 842 revertens,
680 765 712 828 in
744 761 868 827 lectulo
895 761 1017 826 residet
1053 779 1210 845 pernox3
1250 763 1316 827 ubi
1356 783 1424 847 pro

227 871 386 935 stramine
402 869 525 934 nudam
542 869 688 933 habebat
709 876 847 952 petram,
869 875 903 930 et
926 887 986 948 pro
1007 865 1146 950 pulvillo
1170 867 1342 951 lapidem,
1358 867 1421 951 qui

227 974 392 1059 hodieque
407 976 502 1058 quasi
517 975 653 1058 quidam
667 973 768 1056 juxta
783 970 968 1054 sepulcrum
985 970 1057 1053 ejus
1069 971 1187 1036 titulus
1202 981 1278 1037 stat
1291 992 1420 1037 monu-

227 1081 339 1144 menti.
396 1080 525 1144 ibidem
554 1079 666 1161 itaque
692 1077 847 1154 residens,
871 1075 988 1140 ultima
1014 1075 1057 1139 ad
1083 1074 1203 1139 iratres
1231 1076 1418 1154 mandata,

226 1183 298 1246 solo
322 1183 478 1247 audiente
502 1183 661 1259 ministro,
684 1180 907 1257 commendat,
930 1178 1100 1261 inquiens:
1128 1178 1217 1243 Haec
1237 1180 1355 1256 vobis,
1379 1179 1415 1246 Ο

226 1285 327 1365 filioli,
343 1286 522 1350 novissima
537 1285 737 1349 commendo
752 1284 860 1362 verba,
875 1291 912 1348 ut
927 1283 1087 1346 intervos
1102 1292 1258 1348 mutuam
1278 1293 1317 1349 et
1341 1305 1412 1348 non

226 1388 337 1455 fictam
360 1390 512 1454 habeatis
532 1390 737 1468 charitatem,
755 1408 831 1453 cum
854 1407 955 1471 pace:
981 1394 1016 1451 et
1041 1386 1070 1451 si
1096 1387 1151 1466 ita,
1173 1388 1282 1472 juxta
1310 1408 1411 1454 sanc-

225 1503 335 1560 torum
373 1495 531 1579 exempla
571 1503 713 1578 patrum,
749 1491 1012 1568 observaveritis,
1053 1492 1155 1570 Deus,
1192 1492 1412 1559 confortator

225 1599 397 1676 bonorum,
423 1599 517 1663 vobis
544 1598 766 1674 auxiliabitur,
792 1605 827 1660 et
852 1615 925 1679 ego,
951 1615 1026 1659 cum
1058 1595 1132 1678 ipso
1159 1614 1317 1673 manens,
1344 1617 1409 1680 pro

223 1703 318 1766 vobis
334 1702 551 1786 interpellabo
564 1723 573 1780 ;
594 1713 627 1766 et
643 1721 709 1765 non
725 1710 856 1765 tantum
872 1699 1045 1783 praesentis
1058 1700 1137 1764 vitae
1152 1701 1345 1765 necessaria
1359 1701 1408 1766 ab

224 1827 265 1871 eo
277 1805 476 1871 sufficienter
488 1806 814 1883 administrabuntur,
827 1806 884 1868 sed
897 1805 998 1869 etiam
1011 1803 1218 1869 aeternalium
1230 1805 1404 1870 bonorum

223 1910 370 1994 praemia,
399 1911 585 1975 divinorum
621 1909 886 1974 observatoribus
924 1909 1171 1974 mandatorum
1198 1920 1405 1993 praeparata,

222 2015 415 2080 tribuentur.
452 2015 635 2097 Hucusque
650 2023 802 2079 extrema
817 2014 1013 2078 venerabilis
1028 2013 1158 2096 patroni
1172 2015 1288 2093 verba,
1303 2016 1402 2098 quasi

223 2120 267 2184 de
297 2119 360 2183 hac
389 2119 514 2183 taediali
544 2119 810 2203 peregrinatione
838 2119 882 2183 ad
915 2117 1085 2183 coelestem
1116 2118 1258 2202 patriam
1291 2128 1402 2187 bans

224 2223 375 2302 meantis,
390 2222 481 2289 brevi
497 2231 594 2288 textu
611 2232 743 2288 narrata
757 2222 901 2289 deducta
916 2233 1001 2288 sunt.

407 2441 464 2526 §4
510 2443 563 2510 De
577 2456 677 2511 morte
691 2455 723 2511 et
735 2447 900 2530 sepultura
916 2444 1034 2512 Sancti
1049 2443 1215 2513 columbe.

225 2620 320 2683 POST
349 2638 425 2701 quae
460 2617 546 2682 felici
580 2619 870 2703 appropinquante
899 2617 1078 2682 novissima
1106 2618 1275 2703 paulisper
1306 2619 1400 2701 hora,

225 2723 368 2789 Sanctus
396 2724 562 2788 conticuit
617 2724 705 2788 Tum
737 2723 876 2807 proinde
903 2721 1013 2787 media
1038 2731 1136 2787 nocte
1162 2723 1296 2807 pulsata
1324 2746 1399 2809 per·

224 2837 364 2890 sonante
380 2826 499 2904 clocca,
515 2826 653 2892 festinus
676 2848 822 2910 surgens,
838 2828 882 2892 ad
905 2827 1077 2891 ecclesiam
1100 2829 1218 2912 pergit,
1233 2828 1399 2914 citiorque

223 2932 352 2995 caeteris
367 2953 508 3008 currens,
522 2931 612 2995 solus
625 2932 844 3015 introgressus
856 2932 958 3015 juxta
970 2930 1073 2995 altare
1085 2929 1182 2995 flexis
1197 2932 1232 2994 in
1244 2936 1399 2999 oratione

196 3036 363 3118 ,genibus
391 3035 560 3099 recumbit
621 3036 818 3099 Diormitius
849 3036 1006 3112 minister,
1034 3037 1160 3099 tardius
1190 3049 1398 3119 prosecutus,

224 3141 341 3203 eodem
366 3150 537 3203 momento
560 3140 689 3202 eminus
713 3150 818 3203 totam
842 3140 1038 3204 intrinsecus
1054 3141 1225 3203 ecclesiam
1243 3144 1397 3225 angelica

223 3244 296 3307 luce
321 3265 399 3326 erga
427 3245 587 3309 Sanctum
616 3244 733 3326 repleri
756 3245 866 3307 videt:
896 3266 963 3327 quo
986 3245 1028 3307 ad
1053 3245 1190 3326 januam
1213 3248 1397 3330 appropin-

222 3358 356 3430 quante,
383 3350 500 3412 eadem
529 3350 587 3411 lux
614 3350 685 3410 visa
711 3349 801 3411 ocius
828 3349 981 3411 recessit:
1011 3368 1111 3429 quam
1138 3349 1240 3411 etiam
1268 3351 1324 3413 alii
1353 3353 1396 3415 de

223 3453 377 3516 fratribus
400 3454 505 3535 pauci,
529 3463 562 3516 et
585 3453 647 3535 ipsi
671 3453 799 3515 eminus
818 3462 973 3528 astantes,
990 3453 1147 3515 viderant
1194 3453 1396 3519 Diormitius

222 3578 309 3640 erg0,
336 3557 508 3619 ecclesiam
540 3558 739 3639 ingrediens,
765 3557 865 3619 flebili
897 3558 1080 3638 ingeminat
1110 3577 1211 3620 voce:
1248 3558 1318 3623 Ubi
1351 3581 1396 3636 es,

223 3662 342 3724 Pater?
389 3662 433 3723 Et
456 3663 598 3724 necdum
623 3662 731 3724 allatis
755 3661 891 3724 fratrum
912 3661 1061 3737 lucernis,
1077 3682 1135 3743 per
1150 3661 1306 3725 tenebras
1323 3666 1395 3747 pal-

221 3784 312 3846 pam,
352 3764 512 3828 Sanctum
551 3774 629 3827 ante
666 3764 819 3827 altarium
858 3766 1071 3828 recubantem
1106 3765 1252 3829 invenit:
1291 3788 1395 3849 quem

220 3866 391 3949 paululum
419 3868 556 3949 erigens,
583 3879 616 3930 et
643 3868 743 3950 juxta
773 3869 900 3943 sedens,
927 3878 1079 3931 sanctum
1111 3868 1141 3929 in
1173 3888 1234 3931 suo
1264 3872 1398 3950 gremio

220 3972 332 4051 posuit
354 3980 462 4052 caput.
509 3971 555 4034 Et
578 3972 663 4034 inter
685 3972 756 4033 haec
779 3981 885 4034 coetus
909 3970 1146 4036 monachorum
1170 3992 1245 4034 cum
1271 3973 1396 4038 lumin-

220 4075 330 4137 aribus
353 4095 533 4150 accurrens,
553 4085 647 4156 patre
662 4076 733 4138 viso
755 4075 923 4150 moriente,
940 4076 1042 4156 coepit
1065 4075 1229 4156 plangere.
1277 4077 1333 4153 Et,
1358 4091 1397 4143 ut

218 4179 261 4241 ab
274 4178 437 4259 aliquibus
450 4179 506 4259 qui
523 4189 701 4260 praesentes
715 4179 844 4241 inerant
856 4179 1069 4255 didicimus,¹⁰
1081 4177 1233 4255 Sanctus,
1246 4182 1396 4246 necdum

249 4396 529 4528 301gt.Cgi›tlurounl1>aAdied
542 4477 568 4527 in
581 4489 626 4542 597
637 4497 645 4538 ς
663 4479 702 4529 St.
710 4479 845 4529 Adamnan
858 4496 908 4530 was
919 4480 982 4530 born
995 4480 1020 4530 in
1032 4479 1080 4543 624
1090 4499 1098 4542 ;
1109 4495 1137 4530 so
1149 4479 1203 4530 that
1216 4480 1259 4530 the
1270 4480 1396 4534 informa·

215 4559 268 4610 tion
280 4560 354 4612 could
366 4561 442 4625 easily
454 4561 485 4610 be
497 4561 616 4613 obtained
628 4561 691 4612 {toln
703 4562 884 4627 eyevitnesses.
