3226 5520
566 496 1102 570 v1Ta11.-L113ER1.

257 892 468 967 INCIPIT
501 894 669 968 LIBER
707 895 781 969 DE
818 895 953 969 VITA
991 895 1063 969 ET
1101 894 1414 971 MIRACULIS

458 1011 625 1086 BEATI
667 1013 866 1087 PATRIS
903 1012 1218 1089 COLUMBAE.¹

699 1231 997 1316 CAPUTIA

454 1422 507 1487 De
528 1419 690 1486 Virtutum
712 1419 890 1485 Mr'raculis
910 1418 1029 1482 Brevis
1049 1417 1218 1483 Narratio.

253 1608 328 1675 VIR
342 1610 455 1695 itaque
469 1609 676 1676 venerandus
697 1609 809 1692 quella
830 1609 989 1675 virtutum
1012 1609 1212 1675 documenta
1230 1608 1367 1688 dederit,
1382 1609 1416 1673 ln

253 1714 352 1798 hujus
366 1714 468 1780 libelli
483 1713 679 1798 primordiis,
690 1716 871 1781 secundum
888 1723 1034 1778 nostram
1047 1714 1252 1798 praemissam
1267 1715 1417 1797 superius

254 1818 572 1904 promissiunculam,
601 1819 743 1884 breviter
771 1827 849 1883 sunt
877 1819 1145 1883 demonstranda.
1200 1818 1415 1883 DIversorum

254 1942 397 2006 namque
420 1922 647 1987 infestationes
670 1922 859 1987 morborum
883 1922 1043 2000 homines,
1065 1923 1099 1986 in
1122 1922 1256 1987 nomiae
1278 1921 1416 1987 Dominl

253 2026 330 2109 Jesu
348 2026 470 2094 Christi
492 2027 613 2091 virtute
628 2027 825 2105 orationum,
843 2045 1017 2111 perpessos
1038 2026 1188 2092 sanavit:
1209 2028 1416 2092 damonum·

252 2151 316 2214 que
328 2130 464 2196 Infestos
474 2132 545 2215 ipse
556 2151 641 2197 unus
650 2130 760 2210 homo,
769 2140 804 2195 et
814 2131 1004 2196 innumeras
1015 2129 1416 2216 contrasebeIIIgerantes

252 2243 409 2312 catervas,
418 2234 522 2299 oculis
533 2234 757 2317 corporalibus
766 2234 1110 2318 visas‚etincipientes
1121 2233 1308 2298 mortiferos
1318 2254 1417 2317 super

252 2338 324 2422 eJus
339 2338 557 2402 coenobialem
575 2348 699 2403 coetum
722 2338 841 2402 Inferre
862 2338 1004 2417 morbos,
1026 2337 1088 2402 hac
1110 2348 1223 2403 nostra
1245 2337 1287 2403 de
1308 2338 1416 2402 insula

253 2449 447 2505 retrotrusas
462 2441 626 2525 primaria,
642 2441 717 2505 Deo
731 2441 923 2520 auxiliante,
939 2441 1067 2525 repulit
1102 2440 1288 2507 Bestiarum
1299 2439 1415 2506 funos·

252 2562 307 2607 am
337 2544 471 2623 rabiem,
508 2544 628 2628 partim
666 2544 927 2623 mortificatione,
961 2545 1082 2628 partim
1113 2544 1188 2609 lorti
1218 2543 1415 2628 repulsione,

252 2646 384 2713 Christo
413 2647 593 2731 adjuvante
616 2650 827 2732 compescuit
887 2649 1051 2713 Tumores
1084 2668 1217 2734 quoque
1246 2648 1416 2729 fluctuum,

252 2752 355 2816 instar
381 2752 544 2816 montium
570 2751 751 2835 aliquando
781 2753 814 2817 ln
845 2773 967 2836 magna
992 2762 1192 2836 tempestate
1217 2772 1415 2837 consurgen-

252 2856 344 2936 tium,
367 2857 440 2941 ipso
462 2857 553 2921 ocius
578 2866 702 2935 orante,
727 2856 834 2921 sedati
863 2857 1092 2940 humiliatique
1121 2865 1220 2937 sunt;
1256 2857 1415 2940 navisque

252 2960 354 3044 ipsius
370 2962 403 3024 in
418 2982 485 3044 qua
500 2972 534 3027 et
549 2962 620 3044 ipse
641 2981 720 3026 casu
743 2961 930 3045 navigabat,
948 2971 1027 3026 tunc
1043 2962 1210 3045 temporis,
1225 2960 1313 3025 iacta
1327 2970 1415 3026 tran·

251 3064 424 3147 quillitate,
447 3076 577 3147 portum
600 3064 740 3148 appulsa
762 3075 813 3129 est
834 3075 995 3148 optatum.
1043 3065 1082 3128 In
1098 3064 1231 3148 regione
1248 3064 1413 3130 Pictorum

251 3167 428 3250 aliquantis
443 3169 559 3232 diebus
576 3188 721 3244 manens,
744 3169 822 3231 inde
844 3190 991 3233 reversus
1012 3177 1048 3232 ut
1068 3189 1183 3251 magos
1199 3168 1415 3234 confunderet

252 3281 367 3335 contra
390 3270 487 3334 flatus
510 3272 690 3334 contrari0s
713 3272 802 3334 venti
826 3273 933 3335 erexit
955 3273 1073 3349 velum,
1089 3282 1122 3335 et
1138 3272 1184 3335 ita
1199 3272 1302 3336 veloci
1318 3294 1414 3338 cursu

251 3372 322 3455 ejus
338 3371 489 3436 navicula
504 3383 643 3436 enatans
658 3371 843 3450 festinabat,
859 3393 897 3436 ac
913 3374 940 3436 si
956 3376 1137 3436 secundum
1153 3374 1322 3441 habuisset
1337 3396 1415 3438 ven-

251 3485 331 3540 tum.
387 3474 472 3539 Aliis
496 3496 628 3558 quoque
654 3477 866 3560 temporibus,
892 3478 981 3541 venti
1005 3478 1237 3560 navigantibus
1260 3480 1414 3543 contrarii

251 3578 285 3641 in
315 3579 487 3655 secundos
518 3579 591 3661 Ipso
620 3589 745 3657 orante,
775 3580 923 3643 conversi
953 3589 1037 3644 sunt
1098 3581 1138 3643 ln
1168 3581 1285 3645 eadem
1316 3602 1415 3665 supra

253 3691 435 3746 memorata
452 3682 585 3765 regione
601 3682 744 3765 lapidem
761 3683 803 3746 de
819 3682 955 3747 flumine
977 3683 1155 3747 candidum
1172 3683 1300 3762 detulit,
1314 3704 1414 3766 quem

251 3786 294 3849 ad
318 3786 444 3869 aliquas
467 3785 673 3870 profuturum
701 3787 874 3850 benedixit
900 3787 1078 3850 sanitates:
1104 3787 1159 3870 qui
1185 3788 1277 3871 lapis,
1299 3798 1414 3853 contra

251 3899 413 3968 naturam,
428 3891 462 3953 in
485 3909 571 3972 aqua
593 3891 759 3968 intinctus,
782 3891 875 3973 quasi
900 3911 1038 3973 pomum
1064 3893 1297 3974 supernatavit
1337 3893 1413 3956 Hoc

250 3994 398 4058 divinum
418 3994 611 4058 miraculum
637 4014 747 4058 coram
776 3995 908 4058 Brudeo
932 4015 1017 4078 rege,
1039 4006 1073 4059 et
1095 3994 1310 4060 familiaribus
1333 3997 1414 4079 ejus,

251 4098 374 4162 sactum
398 4108 455 4162 est
503 4099 542 4162 In
564 4099 681 4162 eadem
705 4100 819 4163 itidem
843 4099 1019 4181 provincia,
1034 4099 1205 4181 cujusdam
1223 4098 1330 4183 plebei
1345 4121 1412 4165 cre·

251 4201 361 4264 dentis
384 4210 551 4264 mortuum
575 4220 713 4284 puerum
737 4201 916 4277 suscitavit,
938 4201 1027 4282 quod
1044 4211 1094 4264 est
1110 4201 1242 4284 majoris
1259 4202 1414 4279 miraculi,

283 4451 292 4478 ι
466 4471 473 4485 .

282 4529 293 4557 ²
306 4434 482 4582 ffietffir
494 4516 515 4567 is
526 4516 637 4581 wanting
648 4516 674 4566 in
687 4516 720 4565 all
739 4517 780 4567 the
796 4518 871 4567 MSS.
886 4526 973 4581 except
986 4519 1010 4567 Α
1022 4518 1072 4568 and
1084 4517 1126 4568 the
1137 4518 1216 4569 codex
1229 4518 1413 4581 cottonianum

250 4599 386 4654 Pinlrerton
397 4600 503 4654 omitted
514 4597 542 4653 it.
579 4600 610 4650 In
622 4599 664 4652 the
676 4599 753 4652 MSS.
766 4599 809 4651 the
820 4600 935 4667 chapters
945 4616 987 4652 are
999 4608 1043 4654 not
1057 4601 1201 4654 numbered.
