3226 5520
627 467 889 543 N1N1Au1.
1296 489 1333 556 31

168 686 317 752 animum
340 687 382 751 ad
406 684 556 750 coelestia
580 683 736 768 erigebat
781 683 907 748 Verum
929 680 1082 765 quotiens
1105 680 1273 745 divertens
1295 678 1339 743 ab

168 790 293 868 itinere,
304 790 427 875 requiei
448 789 594 873 corporis
603 787 656 852 vel
672 787 772 851 etiarn
786 785 928 870 jumenti
948 784 1162 867 indulgebat;
1178 785 1339 868 producto

169 894 282 959 libello
304 915 414 980 quem,
430 903 565 978 propter
587 892 649 956 hoc
674 893 781 976 ipsum
808 889 1068 967 circumferebat,
1084 888 1192 972 legere
1213 888 1338 972 aliquid

168 1010 226 1065 aut
241 1000 380 1084 psallere
392 1010 523 1082 gratum
536 996 688 1061 habebat
716 994 891 1062 Sentiebat
903 994 992 1057 enim
1006 995 1094 1077 quod
1108 994 1154 1057 ait
1166 993 1338 1077 propheta,

169 1124 269 1188 quarn
283 1103 392 1168 dulcia
400 1101 550 1166 saucibus
562 1102 644 1165 meis
654 1100 785 1183 eloquia
795 1109 964 1182 tua,super
975 1099 1039 1162 mel
1051 1119 1107 1161 ore
1118 1110 1214 1162 meo.²
1238 1097 1339 1162 Unde

170 1207 217 1271 illi
233 1216 361 1273 tantam
378 1207 519 1290 gratiam
535 1207 639 1270 virtus
662 1205 774 1269 divina
796 1203 991 1280 contulerat,
1007 1212 1043 1268 ut
1066 1203 1167 1268 etiam
1183 1201 1246 1266 sub
1261 1203 1339 1266 divo

171 1313 374 1389 recumbens,
389 1322 423 1375 et
439 1310 552 1393 legens
574 1310 659 1374 inter
682 1309 896 1373 densissimas
910 1307 1048 1391 pluvias,
1065 1307 1163 1372 nichil
1181 1327 1339 1391 umquam

171 1415 328 1495 humoris,
348 1415 400 1481 cui
428 1415 622 1479 intendebat
644 1415 791 1478 codicem
816 1413 988 1496 attigisset
1035 1412 1094 1479 Set
1119 1413 1234 1476 vicinis
1260 1412 1341 1475 locis

170 1521 426 1605 circumquaque
441 1539 528 1603 aqua
544 1519 687 1583 irruente
710 1515 930 1591 madentibus,
946 1515 1037 1581 solus
1059 1536 1134 1580 curn
1152 1515 1263 1579 libello
1279 1535 1340 1578 suo

172 1623 219 1688 ita
235 1624 297 1689 sub
313 1624 411 1688 undis
426 1624 521 1707 quasi
540 1622 603 1687 sub
625 1622 704 1687 tecti
726 1620 865 1705 alicujus
884 1620 1028 1686 culmine
1043 1621 1207 1685 resideret.
1253 1619 1342 1686 Con·

172 1727 248 1811 tigit
270 1739 382 1793 autem
398 1728 505 1792 virum
529 1727 829 1792 reverentissimum
853 1746 928 1789 curn
952 1746 1013 1790 suo
1033 1726 1213 1810 aliquando
1234 1725 1341 1802 fratre,

171 1833 243 1896 viro
257 1853 352 1916 aeque
373 1832 591 1909 sanctissimo,
608 1830 721 1895 Plebia
745 1829 887 1906 nomine,
904 1830 966 1893 iter
986 1849 1093 1912 agere,
1108 1849 1146 1892 ac
1167 1848 1258 1892 more
1281 1848 1342 1893 suo

173 1935 318 2000 laborem
335 1936 460 2000 itineris
476 1934 610 2018 hymnis
625 1934 724 1999 solari
741 1934 919 1998 Dauidicis
948 1933 1109 2017 Cumque,
1118 1943 1195 2018 post
1206 1933 1341 2017 aliquod

172 2040 236 2102 viae
251 2040 408 2123 spatium,
417 2049 454 2103 ut
470 2039 638 2103 modicum
652 2047 874 2123 repausarent,
884 2058 904 2102 a
915 2038 969 2102 via
979 2037 1112 2122 publica
1123 2038 1343 2114 divertissent,

110 2197 113 2202 ,
174 2145 297 2227 apertis
313 2143 489 2220 Psalteriis,
505 2164 598 2207 sacra
611 2144 760 2220 lectione,
776 2144 905 2206 animos
917 2143 1116 2207 recreabant
1164 2143 1249 2206 Mox
1259 2141 1344 2206 aeris

171 2245 319 2330 jocunda
339 2247 508 2325 serenitas,
522 2247 602 2310 atris
624 2247 771 2311 obducta
794 2245 947 2325 nubibus,
962 2267 1066 2331 aquas
1085 2245 1245 2331 pluviales
1260 2266 1344 2330 quas

173 2350 294 2416 haustu
311 2351 451 2415 naturali
474 2359 681 2434 conceperat,
696 2352 739 2415 de
761 2350 985 2435 superioribus
1000 2353 1042 2415 ad
1067 2350 1220 2415 inferiora
1236 2361 1343 2415 trans·

175 2456 272 2519 misit
332 2453 423 2538 Quid
448 2453 566 2538 plura?
624 2454 750 2519 Tenuis
770 2475 834 2532 aer,
861 2455 964 2519 instar
993 2475 1142 2534 camerae,
1165 2456 1250 2519 circa
1278 2454 1343 2519 Dei

175 2559 318 2625 famulos
343 2570 505 2637 arcuatus,
527 2559 621 2643 quasi
646 2560 754 2643 paries
778 2559 897 2642 aliquis
928 2561 1025 2625 undis
1051 2559 1273 2625 defluentibus
1296 2561 1344 2623 in·

175 2661 389 2746 penetrabilis
405 2662 609 2746 persistebat
655 2662 782 2727 Verum
806 2664 891 2727 inter
906 2663 1116 2747 psallendum
1133 2664 1344 2728 beatissimus

177 2767 342 2832 Ninianus
357 2766 470 2831 oculos
485 2787 505 2830 a
521 2766 632 2830 libello
646 2765 795 2844 detorsit,
818 2776 926 2831 tactus
949 2767 1118 2831 modicum
1142 2766 1344 2850 cogitatione

176 2869 298 2948 illicita,
314 2870 414 2933 etiam
430 2869 596 2933 desiderio
610 2870 757 2952 quodam
774 2870 988 2953 suggestione
1010 2869 1206 2935 titillabatur
1220 2872 1346 2935 daemo·

177 2974 272 3038 nica³
308 2973 375 3040 Sed
399 2994 480 3038 mox
505 2974 623 3058 ipsum,
645 2973 861 3057 codicemque
883 2974 964 3058 ejus,
981 2974 1073 3038 inber
1097 2975 1256 3039 invadens
1271 2995 1345 3059 pro·

175 3079 260 3143 didit
275 3079 365 3162 quod
390 3076 522 3141 latebat
568 3076 665 3142 Tunc
688 3075 788 3140 frater
811 3077 868 3160 qui
893 3077 1071 3156 assidebat,
1086 3078 1166 3161 quid
1184 3078 1345 3160 agebatur

176 3182 373 3265 intelligens,
388 3181 453 3245 leni
477 3181 685 3264 correptione
707 3181 833 3245 ordinis
860 3201 936 3245 eum
957 3191 991 3246 et
1006 3182 1115 3245 aetatis
1131 3183 1346 3260 commonuit,

177 3294 211 3350 et
226 3295 388 3369 quantum
405 3283 506 3348 talem
527 3283 608 3348 talia
623 3285 821 3348 dedecerent
844 3285 980 3367 aperuit
1028 3283 1149 3350 Statim
1165 3286 1215 3349 vir
1231 3285 1295 3349 Dei
1312 3285 1346 3350 in

178 3409 214 3454 sc
239 3410 387 3455 reversus
412 3388 543 3454 erubuit
569 3409 605 3452 se
630 3388 737 3453 inutili
764 3389 968 3473 cogitatione
993 3387 1093 3454 luisse
1120 3401 1347 3474 praeventum;

178 3495 363 3579 eodemque
384 3503 557 3559 momento
577 3494 737 3578 temporis
759 3502 793 3558 et
811 3494 1049 3578 cogitationem
1065 3494 1221 3577 deposuit
1236 3502 1270 3559 et
1286 3495 1346 3558 im·

178 3599 271 3665 brem
286 3599 467 3683 suspendit.

613 3915 687 3984 CA
701 3916 726 3980 P
741 3917 817 3984 UT
856 3917 903 3982 X.

333 4089 503 4155 Miramla
525 4086 632 4154 bauli
651 4087 800 4154 Nimbni
819 4088 855 4152 in
877 4087 966 4154 mari
985 4099 1018 4154 ct
1038 4088 1074 4154 in
1096 4099 1192 4155 teme

182 4257 1058 4346 lurumbeatopontificiplurestamnobilesquam
1069 4257 1350 4339 mediocres,filios

180 4385 259 4432 suos
273 4365 410 4432 tradunt
425 4364 526 4429 sacris
548 4363 652 4430 literis
674 4363 867 4429 inbuendos
913 4360 1009 4446 Quos
1023 4372 1058 4428 et
1072 4363 1210 4429 scientia
1223 4363 1351 4430 erudie-

330 4570 402 4635 Ῥι,
419 4568 555 4636 eustoc
786 4566 846 4622 act.
859 4567 966 4623 thevit.
980 4567 1220 4638 Κώμων.
