3226 5520
604 458 914 547 conunnAE.
1300 475 1341 543 ῃ

180 659 273 742 quasi
305 659 390 726 filius
417 662 679 745 repromissionis
705 663 846 726 mirabili
873 662 1128 748 prophetatione
1154 662 1344 727 nominatus

179 772 237 827 est
297 762 386 827 Nam
416 766 552 848 quidam
582 764 770 849 proselytus
800 766 918 844 Britto,
943 766 1045 830 homo
1070 775 1214 844 sanctus,
1237 765 1343 829 sancti

182 867 313 932 Patricii
335 869 481 953 episcopi
505 869 695 954 discipulus,
718 870 906 934 Maucteus⁴
928 871 1071 947 nomine,
1097 870 1144 933 ita
1165 870 1208 933 de
1231 878 1344 932 nostro

179 970 420 1054 prophetizavit
455 973 609 1052 Patrono,
645 973 741 1038 sicuti
783 974 878 1038 nobis
919 974 962 1038 ab
1002 974 1148 1058 antiquis
1184 973 1343 1038 traditum

179 1075 328 1157 expertis
342 1085 548 1159 compertum
567 1076 713 1141 habetur.
761 1077 800 1141 ln
825 1078 1019 1158 novissimis,
1039 1078 1095 1157 ait,
1117 1077 1238 1157 saeculi,
1261 1087 1343 1142 tem·

179 1178 314 1262 poribus
330 1177 415 1244 filius
427 1180 610 1244 nasciturus
625 1191 684 1259 est,
699 1180 793 1264 cujus
816 1202 936 1245 nomen
961 1180 1126 1247 Columba
1148 1202 1206 1266 per
1228 1200 1344 1245 omnes

180 1281 359 1347 insularum
375 1283 489 1347 oceani
506 1285 690 1368 provincias
705 1284 930 1369 divulgabitur
945 1295 1061 1349 notum
1077 1307 1085 1366 ;
1101 1285 1344 1369 novissimaque

179 1386 268 1450 orbis
283 1397 435 1472 tempora
449 1387 535 1452 clare
551 1389 734 1454 illustrabit
781 1389 849 1454 Mei
873 1400 907 1454 et
925 1391 1027 1474 ipsius
1050 1392 1191 1454 duorum
1213 1409 1345 1460 monas·

179 1490 369 1557 teriolorum
381 1492 514 1577 agelluli
527 1495 624 1558 unius
635 1494 807 1577 sepisculae
823 1494 997 1559 intervallo
1007 1493 1345 1559 disterminabuntur:

180 1605 214 1659 et
237 1595 312 1660 illes
333 1596 435 1661 homo
457 1597 554 1663 valde
576 1599 652 1663 Deo
669 1586 827 1679 carus,'et
847 1598 982 1684 grandis
1003 1618 1114 1663 coram
1131 1598 1204 1681 ipso
1227 1596 1343 1661 meriti.

182 1699 294 1783 Hujus
329 1701 429 1785 igitur
463 1703 565 1767 nostri
595 1702 769 1768 Columbae
805 1702 908 1768 vitam
942 1711 977 1775 et
1007 1723 1115 1768 mores
1145 1701 1345 1780 describens,

180 1803 213 1867 in
234 1804 349 1888 primis
371 1805 460 1871 brevi
484 1807 644 1871 sermonis
665 1815 771 1888 textu,
796 1808 830 1871 in
856 1817 1019 1892 quantum
1044 1808 1188 1885 valuero,
1205 1805 1344 1885 strictim

180 1908 469 1993 comprehendam,
491 1919 525 1974 et
548 1919 625 1976 ante
649 1911 779 1975 lectoris
802 1910 915 1975 oculos
939 1920 1088 1976 sanctam
1116 1909 1188 1993 ejus
1210 1927 1344 1973 conver-

180 2013 343 2078 sationem
359 2014 482 2098 pariter
496 2034 674 2098 exponam.
713 2014 780 2081 Sed
804 2025 838 2080 et
853 2017 895 2080 de
914 2016 1079 2080 miraculis
1094 2014 1165 2098 ejus
1180 2013 1346 2077 succincte

180 2118 343 2200 quaedam,
358 2118 453 2203 quasi
469 2118 654 2205 legentibus
669 2119 766 2184 avide
777 2121 1022 2204 praegustanda,
1037 2138 1183 2204 ponam;
1204 2137 1280 2201 quae
1296 2126 1344 2180 ta-

182 2241 257 2284 men
288 2220 430 2300 inferius,
460 2244 518 2307 per
548 2234 614 2288 tres
643 2223 749 2287 divisa
782 2223 892 2302 libros,
921 2223 1051 2308 plenius
1081 2221 1344 2307 explicabuntur.

181 2323 333 2407 Quorum
344 2327 473 2391 Primus
482 2327 692 2411 propheticas
702 2328 934 2408 revelationes;
947 2328 1120 2395 Secundus
1130 2346 1208 2392 vero
1216 2326 1346 2390 divinas

181 2451 240 2512 per
268 2430 376 2513 ipsum
406 2432 544 2497 virtutes
573 2431 729 2507 effectas3
762 2431 895 2496 Tertius
921 2433 1088 2515 angelicas
1114 2429 1346 2515 apparitiones,

181 2535 372 2614 continebit,
383 2544 417 2601 et
428 2537 590 2619 quasdam
606 2555 705 2618 super
719 2534 889 2599 hominem
906 2535 970 2600 Dei
986 2533 1130 2598 coelestis
1142 2531 1346 2597 claritudinis

182 2637 471 2703 manifestationes.
514 2640 624 2703 Nemo
640 2640 752 2721 itaque
768 2658 821 2702 me
836 2639 878 2702 de
893 2638 956 2702 hoc
973 2648 1041 2702 tam
1058 2636 1261 2721 praedicabili
1276 2636 1346 2699 viro

181 2750 239 2806 aut
259 2742 434 2806 mentitum
462 2743 614 2819 aestimet,
637 2751 694 2806 aut
720 2743 824 2824 quasi,
845 2743 1001 2825 quaedam
1026 2741 1129 2806 dubia
1150 2740 1201 2804 vel
1223 2740 1348 2803 incerta

181 2845 399 2928 scripturum:
421 2846 479 2909 sed
495 2866 535 2909 ea
549 2866 625 2928 quae
642 2843 806 2927 majorum
823 2844 1037 2928 fideliumque
1058 2845 1202 2909 virorum
1225 2842 1348 2908 tradita

181 2957 394 3031 expertorum
407 2949 569 3031 congrua⁶
583 2947 743 3012 relatione
757 2956 973 3027 narraturum,
982 2955 1016 3012 et
1025 2948 1096 3011 sine
1105 2946 1173 3011 ulla
1184 2946 1347 3029 ambigui·

181 3059 250 3115 tate
276 3061 509 3117 caraxatumm
537 3053 627 3130 sciat,
653 3061 687 3115 et
713 3050 764 3115 vel
792 3072 836 3115 ex
863 3051 914 3114 his
936 3070 1011 3134 quae
1033 3061 1111 3114 ante
1138 3069 1198 3113 nos
1225 3049 1348 3113 inserta

181 3155 312 3239 paginis
327 3158 468 3239 reperire
483 3157 660 3240 potuimus,
683 3154 735 3221 vel
758 3175 802 3220 ex
825 3155 876 3219 his
898 3174 974 3239 quae
996 3155 1111 3218 auditu
1135 3152 1178 3218 ab
1199 3153 1347 3237 expertis

181 3259 380 3342 quibusdam
398 3259 549 3326 fidelibus
564 3261 717 3344 antiquis,
733 3259 804 3323 sine
819 3258 887 3325 ulla
907 3258 1114 3324 dubitatione
1130 3257 1347 3335 narrantibus,

181 3364 372 3447 diligentius
388 3365 592 3429 sciscitantes
607 3363 791 3428 didicimus.

226 3470 398 3534 SANCTUS
417 3470 517 3550 igitur
532 3466 696 3535 Columba
712 3466 878 3532 nobilibus
901 3467 1007 3531 luerat
1022 3465 1181 3531 oriundus
1195 3464 1347 3549 genitali·

181 3572 252 3649 bus,
277 3580 405 3655 patrem
432 3572 559 3637 habens
586 3571 823 3636 Fedilmithum
855 3570 958 3636 filium
986 3571 1134 3654 Ferguso
1148 3583 1177 3650 ;⁷
1205 3579 1346 3636 matrem

181 3675 390 3740 Aethneam⁷
404 3677 548 3752 nomine,
560 3677 653 3759 cujus
669 3686 764 3759 pater
780 3676 899 3740 Latine
912 3675 1015 3740 Filius
1028 3675 1132 3739 Navis
1148 3675 1213 3738 dici
1225 3684 1345 3758 potest,

182 3778 314 3845 Scotica
343 3801 421 3844 vero
450 3779 564 3864 lingua
595 3779 672 3844 Mac
704 3780 806 3845 Nave.
868 3779 934 3844 Hic
964 3799 1053 3844 anno
1090 3779 1236 3844 secundo
1271 3786 1348 3861 post

214 3981 361 4042 sMacteus,
375 3981 439 4031 cod.
455 3981 522 4032 Cott.
556 3983 593 4032 St.
608 3979 753 4032 Mochtaol
762 3981 950 4048 Lughmaghor
967 3981 1059 4032 Lonth
1092 3978 1308 4031 Heisdescribed
1321 3995 1348 4029 as

183 4064 202 4089 ‘⁴
211 4072 279 4112 ortus
287 4079 318 4114 ex
327 4062 481 4124 Britannia,'’
491 4064 541 4114 and
550 4080 577 4114 as
585 4064 688 4130 landing
695 4071 720 4115 at
730 4063 847 4123 Omeath,
859 4062 886 4115 in
894 4062 937 4114 the
946 4070 1038 4128 county
1046 4061 1075 4113 oi
1084 4061 1176 4122 Louth,
1188 4059 1249 4112 with
1259 4061 1348 4112 twelve

180 4144 313 4196 followers.
348 4145 404 4196 The
415 4145 552 4197 Calendm
568 4156 762 4197 commemorate
779 4146 832 4197 him
849 4155 875 4197 ut
891 4146 958 4212 Aug.
975 4157 1011 4209 19
1048 4145 1196 4197 O‘Donuell
1214 4143 1289 4195 refers
1305 4143 1348 4194 the

181 4221 307 4292 prophecy
318 4235 346 4277 to
358 4227 428 4288 lona,
442 4229 492 4279 and
503 4237 641 4295 represents
659 4229 694 4280 St
712 4227 817 4280 Mochta
827 4244 856 4278 as
867 4226 1012 4294 sojouming
1025 4228 1094 4279 there
1105 4224 1190 4279 belore
1206 4226 1249 4278 the
1265 4227 1348 4277 settle·

181 4318 249 4360 ment
261 4311 289 4360 ol
297 4311 430 4372 Columba,
443 4311 488 4363 but
500 4312 604 4363 without
616 4328 712 4363 reason.
749 4314 797 4364 See
808 4312 855 4364 Dr.
870 4309 973 4363 Roeves'
985 4310 1107 4371 Adam..
1121 4325 1147 4376 p.
1161 4319 1185 4373 7,
1200 4317 1259 4362 note
1270 4326 1290 4360 r.

214 4392 304 4443 seod.
318 4393 386 4442 Cott.
520 4392 523 4399 “

213 4479 225 4516 ⁶
238 4477 352 4540 cognovi,
368 4477 431 4525 eod.
447 4477 516 4526 Cott.

214 4571 225 4607 1
240 4557 350 4621 Fergusi,
364 4556 500 4616 Athneam,
517 4556 581 4608 eod.
597 4557 666 4607 con.
