3226 5520
246 493 289 559 24
757 469 904 540 VITA

245 694 320 758 tur:
356 683 526 768 presbiter,
552 681 646 766 cujus
682 681 762 746 laesa
788 681 894 745 suerat
921 680 1018 759 sama,
1044 679 1201 746 tristatur.
1261 679 1311 746 At
1337 680 1413 744 Deo

245 788 404 853 dilectum
435 788 628 867 antistitem,
656 786 780 869 Spiritu
817 785 991 861 revelante,
1019 785 1208 849 innocentia
1233 785 1414 850 sacerdotis

246 912 313 957 non
336 872 441 957 tatuic'
496 870 654 956 Ecclesiae
678 903 791 954 tamen
814 890 1017 964 scandalum,
1040 899 1074 953 et
1096 899 1221 954 sanctae
1247 888 1414 973 religionis

246 997 483 1062 detrimentum
507 996 587 1059 haut
607 995 753 1078 jocunde
775 995 939 1059 sustinuit.
987 993 1118 1059 Mulieri
1142 994 1272 1058 interim
1297 993 1413 1077 inpleti

246 1109 325 1166 sunt
346 1101 418 1165 dies
442 1111 479 1165 ut
503 1111 641 1183 pareret,
664 1099 857 1182 peperitque
881 1096 995 1175 filium,
1018 1118 1083 1160 non
1111 1098 1144 1160 in
1168 1095 1357 1174 sacerdotis,
1377 1105 1414 1160 ut

247 1204 435 1290 putabatur,
450 1212 501 1267 set
526 1204 558 1266 in
583 1204 686 1286 patris
709 1202 856 1266 simulet
879 1202 1110 1285 ignominiosae
1133 1202 1248 1265 matris
1269 1200 1414 1285 obprob-

247 1310 340 1374 rium.
386 1308 558 1374 Convocat
582 1307 670 1370 enim
695 1308 738 1371 ad
763 1307 936 1370 ecclesiam
955 1304 1109 1391 pontilex
1133 1325 1267 1370 omnem
1290 1305 1414 1369 clerum

247 1413 504 1496 universumque
519 1412 689 1495 populum,
698 1410 879 1494 habitoque
891 1411 933 1474 ad
946 1432 1004 1474 eos
1016 1431 1167 1475 sermone
1179 1412 1416 1488 exhortatorio,

248 1536 384 1581 manum
397 1517 498 1580 etiam
515 1517 660 1599 inposuit
677 1515 861 1598 baptizatis
903 1516 1035 1580 Interea
1049 1536 1175 1600 procax
1191 1515 1308 1581 mulier
1322 1515 1414 1579 omni

248 1622 376 1706 pudore
391 1621 588 1703 postposito,
603 1639 678 1684 cum
696 1620 763 1682 suis
779 1639 996 1702 prorumpens
1012 1621 1045 1684 in
1062 1621 1231 1703 populum,
1247 1621 1279 1683 in
1297 1619 1414 1683 faciem

248 1725 421 1810 presbiteri
447 1722 587 1807 projecit
614 1743 761 1806 puerum,
786 1724 819 1787 in
846 1724 980 1786 auribus
1006 1725 1109 1787 totius
1135 1724 1282 1786 ecclesiae
1307 1724 1414 1807 ipsum

248 1839 376 1914 patrem
391 1829 481 1910 pueri
496 1850 504 1906 ;
520 1830 626 1911 ipsum
640 1838 865 1909 corruptorem
879 1828 929 1891 sui
942 1847 979 1889 ac
992 1829 1213 1909 deceptorem,
1225 1826 1414 1890 vociferans.

250 1933 305 1998 Fit
319 1932 445 1996 clamor
468 1933 499 1995 in
524 1931 649 2015 populo
662 1954 670 2009 ;
693 1931 801 2015 pudor
822 1930 927 2010 bonis,
951 1932 1033 1995 risus
1050 1931 1152 1995 malis
1200 1931 1248 1995 At
1273 1930 1416 1996 Sanctus

248 2035 415 2100 silentium
430 2036 596 2118 imperans
609 2033 706 2117 plebi,
719 2032 815 2117 jubet
830 2034 892 2096 sibi
908 2053 1045 2116 puerum
1064 2033 1264 2116 praesentnri,
1274 2053 1340 2097 non
1353 2033 1415 2097 nisi

248 2140 346 2204 unius
359 2140 465 2202 noctis
475 2149 609 2203 aetatem
624 2139 811 2202 habentem.
843 2138 908 2201 Dei
921 2139 1031 2220 itaque
1045 2136 1170 2220 Spiritu
1183 2137 1418 2216 inflammatus,

248 2261 325 2306 cum
350 2240 547 2304 intendisset
573 2240 606 2302 in
631 2259 728 2304 eum:
763 2239 866 2318 Heus,
893 2239 1009 2322 inquit,
1039 2238 1071 2304 Ο
1103 2260 1192 2322 puer,
1219 2240 1252 2302 in
1283 2240 1418 2304 nomine

249 2342 348 2408 ihesu
373 2343 505 2418 Christi,
526 2344 552 2406 si
569 2344 731 2425 presbiter
750 2343 813 2406 iste
837 2353 870 2406 te
892 2343 1016 2425 genuit,
1034 2362 1146 2405 coram
1170 2341 1267 2426 plebe
1284 2343 1414 2409 edicito

249 2447 366 2514 Orem
383 2446 602 2529 stupendam!
626 2457 659 2510 et
682 2447 773 2510 omni
796 2446 1016 2510 admiratione
1036 2446 1193 2529 dignaml
1243 2446 1274 2511 Ο
1298 2448 1415 2511 miram

250 2551 314 2615 Dei
341 2550 572 2615 clementiam!
629 2549 660 2614 O
688 2549 889 2615 ineffabilem
917 2549 993 2614 fidei
1018 2550 1217 2616 Christianae
1241 2551 1417 2615 virtutem!

249 2655 337 2719 Vere
360 2655 473 2719 omnia
496 2655 665 2737 possibilia
690 2653 845 2719 credenti
892 2654 952 2720 Set
977 2655 1057 2737 quid
1084 2655 1183 2718 dico?
1218 2653 1326 2737 ¹Quid
1351 2675 1417 2719 non

250 2768 363 2843 posset
388 2757 471 2823 fides
496 2758 655 2822 Niniani?
699 2758 808 2824 Cessit
830 2769 918 2824 certe
941 2769 1059 2822 natura
1082 2757 1168 2837 fidei,
1190 2769 1272 2823 aetas
1295 2760 1417 2824 virtuti.

251 2861 341 2945 Quid
358 2863 391 2926 ni
407 2862 539 2926 cederet
562 2873 680 2926 natura
696 2863 845 2927 Domino
864 2869 1024 2926 naturae?¹
1066 2863 1143 2926 Non
1167 2872 1346 2946 expectata
1367 2872 1419 2928 est

249 2980 332 3031 aetas
356 2967 398 3030 ad
424 2967 691 3044 instrumentum,
707 2987 774 3031 non
797 2967 948 3031 doctrina
971 2967 1013 3031 ad
1030 2965 1184 3045 officium,
1201 2986 1267 3030 non
1284 2977 1417 3051 tempus

250 3071 292 3135 ad
324 3091 441 3134 usum:
474 3072 533 3135 sed
561 3069 626 3135 fide
657 3073 856 3154 impetrante
885 3072 935 3135 vis
961 3071 1075 3134 divina
1105 3071 1252 3154 linguam
1284 3070 1419 3135 infantis

250 3174 328 3238 t'ecit
342 3175 522 3238 disertam:
544 3184 638 3238 etex
655 3194 710 3238 ore
726 3173 861 3238 infantis
883 3184 917 3238 et
941 3174 1114 3238 lactentis²
1128 3173 1301 3239 confundit
1318 3195 1418 3251 reum,

251 3279 417 3342 convincit
433 3279 637 3354 mendacem,
654 3279 864 3342 innocentem
882 3278 1030 3342 absolvit
1078 3279 1133 3343 Ex
1150 3278 1292 3343 infantili
1308 3280 1419 3362 itaque

250 3401 387 3465 corpore
402 3402 470 3445 vox
486 3381 588 3445 virilis
604 3383 749 3445 insonuit
764 3404 771 3459 ;
787 3383 901 3462 lingua
917 3382 1081 3446 inerudita
1096 3382 1304 3446 rationabilia
1319 3382 1421 3446 verba

250 3485 413 3549 formavit
448 3485 712 3569 Extendensque
727 3488 911 3563 dexteram,
923 3487 1160 3569 propriumque
1171 3497 1300 3570 patrem
1310 3487 1420 3569 desig-

251 3608 335 3652 nans
357 3588 390 3650 in
414 3587 556 3670 populo:
588 3588 654 3651 Hic
675 3599 733 3666 est,
755 3590 870 3672 inquit,
886 3601 980 3672 pater
1002 3610 1115 3667 meus;
1134 3590 1204 3672 ipse
1227 3611 1281 3654 me
1295 3593 1420 3674 genuit,

250 3691 321 3776 ipse
350 3692 474 3755 crimen
512 3692 602 3774 quod
634 3693 804 3776 inponitur
833 3694 995 3757 sacerdoti
1026 3695 1199 3759 commisit
1255 3695 1419 3759 Innocens

250 3795 374 3880 quippe
387 3795 430 3858 ab
445 3794 507 3859 hoc
520 3796 651 3878 piaculo
666 3797 827 3879 presbiter
842 3807 918 3861 tuus
930 3806 989 3872 est,
1002 3796 1033 3861 O
1046 3799 1210 3880 episcope,
1223 3797 1321 3861 nichil
1339 3798 1419 3861 mihi

250 3909 285 3964 et
300 3899 345 3963 illi
363 3900 425 3962 nisi
441 3901 628 3964 communis
652 3912 779 3965 naturae
803 3903 1014 3967 consortium.
1072 3902 1161 3968 Satis
1186 3905 1265 3967 haec.
1321 3902 1419 3968 Siluit

251 4003 373 4068 deinde
396 4002 513 4081 inians
529 4006 709 4069 secundum
736 4005 842 4089 legem
869 4015 1004 4083 naturae,
1019 4007 1172 4089 vicesque
1195 4018 1333 4070 aetatum
1356 4007 1419 4070 sibi

288 4240 319 4268 ¹·¹
330 4231 443 4284 Omitted
455 4232 489 4297 by
502 4233 645 4285 Pinkerton.

285 4314 358 4373 ¹1³³„
374 4314 424 4364 viii.
441 4326 465 4365 2.

284 4398 355 4448 ³Fot
366 4413 382 4445 a
393 4397 487 4448 similar
501 4405 569 4463 story
585 4414 627 4450 see
644 4398 781 4465 Capgrave,
796 4400 870 4450 Nova
881 4400 995 4465 Legenda
1005 4401 1111 4466 Angue,
1126 4400 1168 4450 iol.
1183 4416 1218 4461 x.,
1231 4400 1282 4449 end
1295 4400 1417 4462 Nennius,

249 4479 356 4543 History
365 4479 442 4541 ostiu
451 4479 565 4541 Britom,
579 4493 618 4544 39.
656 4483 706 4532 For
717 4482 759 4532 the
771 4482 872 4534 mirecle
885 4483 914 4533 oi
927 4483 970 4534 the
981 4484 1049 4534 child
1061 4483 1188 4549 revealing
1199 4482 1231 4533 iu
1243 4483 1368 4548 paternity
1379 4499 1420 4534 see

249 4561 345 4614 Aberd.
359 4561 485 4630 Breviery,
499 4563 537 4616 St.
552 4563 662 4629 Brigida,
676 4565 793 4618 Lectio&
