3226 5520
300 455 359 520 162
584 452 728 518 VITA
769 451 1074 519 II.-LIBER
1111 450 1172 518 11.

296 664 445 746 ejusdem
472 661 660 744 parentelae,
690 660 787 724 valde
817 661 936 743 opibus
967 661 1153 744 opulentus,
1176 659 1386 737 subveniens,
1412 680 1469 723 me

296 774 484 849 opportune
499 774 533 829 et
548 764 591 829 de
606 763 744 829 vinculis
760 763 963 829 vinculatum
980 763 1132 841 absolvit,
1144 771 1179 828 et
1190 764 1233 828 de
1248 772 1355 828 morte
1370 782 1468 827 reum

297 870 424 954 eripuit.
484 869 546 935 Cui
577 878 653 952 post
683 868 926 933 absolutionem
958 888 1033 932 cum
1070 866 1165 932 firma
1194 867 1361 951 juratione
1392 887 1468 951 pro-

299 975 451 1039 miseram
479 995 533 1038 me
565 974 673 1038 eidem
704 971 859 1037 omnibus
890 994 973 1037 meae
1003 973 1121 1037 diebus
1150 973 1229 1037 vitae
1259 973 1468 1037 serviturum

299 1079 376 1156 Sed,
402 1088 479 1162 post
503 1077 630 1162 aliquot
656 1078 728 1142 dies
759 1078 791 1141 in
818 1077 976 1142 servitute
1006 1086 1167 1161 peractos,
1191 1076 1313 1141 servire
1337 1075 1469 1140 homini

297 1183 507 1266 dedignatus,
522 1191 556 1246 et
579 1182 654 1245 Deo
676 1181 787 1265 potius
809 1181 1035 1246 obsecundare
1058 1179 1194 1259 malens,
1208 1181 1356 1245 desertor
1379 1178 1470 1244 illius

300 1287 440 1351 carnalis
475 1285 611 1363 domini,
637 1285 865 1369 juramentum
896 1285 1086 1370 infringens,
1116 1285 1262 1363 discessi,
1287 1293 1321 1349 et
1350 1285 1395 1349 ad
1426 1293 1471 1362 te,

300 1391 448 1454 Domino
472 1410 582 1454 meum
610 1400 825 1473 prosperante
849 1390 919 1468 iter,
946 1390 1088 1473 perveni.
1135 1389 1192 1454 Ad
1216 1389 1288 1452 haec
1315 1388 1471 1466 Sanetus,

298 1496 403 1560 virum
425 1515 485 1579 pro
501 1494 621 1559 talibus
645 1494 743 1559 valde
768 1495 846 1578 angi
870 1494 996 1572 videns,
1018 1494 1114 1558 sicuti
1139 1492 1229 1578 prius
1255 1491 1471 1577 prophetans,

299 1599 456 1683 profatur,
486 1598 659 1683 inquiens:
690 1599 771 1664 Post
797 1607 1020 1683 septenorum,
1051 1596 1223 1663 sicuttibi
1253 1597 1380 1662 dictum
1410 1605 1472 1675 est,

299 1704 526 1787 expletionem
553 1723 725 1781 annorum,
745 1702 862 1768 diebus
888 1703 931 1767 ad
957 1723 1011 1767 me
1037 1703 1110 1779 huc,
1125 1698 1472 1786 quadragesimalibus

298 1808 419 1886 venies,
449 1816 487 1872 ut
516 1808 548 1871 in
581 1807 730 1871 Paschali
762 1808 973 1873 solemnitate
1001 1808 1045 1872 ad
1075 1805 1229 1871 altarium
1260 1805 1410 1882 accedas,
1436 1812 1473 1869 et

300 1912 544 1977 Eucharistiam
565 1932 685 1976 sumas.

344 2013 435 2098 Quid
459 2017 567 2081 verbis
597 2016 836 2081 immoramur?
867 2017 982 2082 Sancti
1012 2016 1072 2080 viri
1099 2014 1245 2099 imperiis
1264 2033 1330 2107 ¹per
1354 2011 1473 2077 omnia

300 2120 467 2203 poenitens
482 2120 674 2205 obsequitur
689 2123 887 2204 peregrinus.
936 2121 1125 2203 Iisdemque
1141 2118 1259 2185 diebus
1274 2118 1317 2183 ad
1336 2137 1471 2182 monas-

300 2224 419 2289 terium
436 2225 555 2308 Campi
579 2226 698 2289 missus
723 2226 862 2309 Lunge,²
888 2225 1011 2289 ibidem
1028 2225 1127 2308 plene
1149 2222 1294 2308 expletis
1309 2222 1342 2286 in
1362 2221 1471 2306 poeni-

300 2328 405 2392 tentia
421 2340 548 2413 septem
572 2329 677 2407 annis,
692 2329 734 2391 ad
759 2329 930 2407 Sanctum,
945 2329 1062 2393 diebus
1082 2326 1356 2412 quadragesimae,
1369 2325 1473 2410 juxta

301 2432 373 2516 ejus
408 2434 551 2516 priorem
588 2433 817 2516 propheticam
852 2432 1046 2515 jussionem,
1076 2432 1257 2497 revertitur.
1317 2432 1363 2496 Et
1393 2440 1473 2514 post

300 2548 469 2620 peractam
487 2538 623 2601 Paschae
639 2537 893 2616 solemnitatem,
904 2537 936 2600 in
950 2557 1016 2620 qua
1025 2537 1137 2621 jussus
1148 2537 1192 2601 ad
1207 2535 1311 2600 altare
1322 2535 1474 2611 accessit,

301 2642 343 2704 ad
362 2641 522 2707 Sanctum
539 2642 581 2705 de
604 2662 703 2725 supra
731 2643 937 2724 interrogans
960 2650 1145 2704 memorato
1167 2639 1258 2704 venit
1270 2638 1472 2722 juramento.

302 2745 364 2810 Cui
390 2744 533 2811 Sanctus
559 2745 775 2828 interroganti
802 2745 882 2809 talia
904 2745 1088 2808 vaticinans
1115 2761 1274 2826 responsa
1299 2740 1474 2826 profatur:

302 2849 397 2914 Tuus
437 2850 480 2914 de
512 2870 579 2933 quo
620 2849 701 2913 mihi
743 2848 923 2932 aliquando
960 2848 1104 2926 dixeras,
1143 2845 1284 2912 carnalis
1320 2854 1474 2929 superest

302 2953 482 3033 dominus;
504 2963 664 3037 paterque
686 2961 719 3017 et
743 2961 849 3016 mater
871 2963 904 3016 et
929 2950 1045 3016 fratres
1069 2950 1178 3016 adhuc
1201 2950 1324 3015 vivunt
1372 2949 1474 3014 Nunc

303 3078 382 3140 ergo
398 3077 582 3141 praeparare
598 3067 630 3121 te
646 3055 748 3120 debes
763 3056 806 3120 ad
823 3056 1077 3137 navigationem.
1124 3055 1171 3118 Et
1186 3055 1272 3119 inter
1283 3053 1355 3117 haec
1370 3054 1475 3117 verba

304 3162 505 3225 macheram³
527 3160 679 3225 belluinis
695 3169 846 3224 ornatam
866 3160 987 3224 dolatis
1004 3159 1141 3242 protulit
1157 3158 1321 3236 dentibus
1336 3157 1475 3222 dicens:

306 3267 382 3329 Hoc
403 3266 516 3348 accipe
539 3275 648 3329 tecum
676 3266 876 3348 portandum
906 3285 1035 3342 munus,
1058 3264 1144 3346 quod
1168 3264 1307 3327 domino
1329 3282 1391 3345 pro
1414 3271 1475 3326 tua

304 3371 532 3452 redemptione
547 3368 689 3448 offeres;
712 3370 769 3432 sed
793 3378 905 3432 tamen
930 3368 1021 3431 nullo
1038 3368 1140 3431 modo
1161 3367 1309 3450 accipiet
1356 3366 1476 3431 Habet

303 3474 392 3537 enim
423 3474 507 3537 bene
538 3484 700 3537 moratam
730 3474 915 3557 conjugem,
945 3473 1039 3555 cujus
1077 3471 1199 3537 salubri
1236 3471 1475 3554 obtemperans

304 3577 450 3654 consiliO,
476 3586 510 3642 te
540 3579 656 3641 eadem
684 3579 738 3641 die
768 3578 879 3661 gratiS,
906 3578 976 3640 sine
1002 3577 1118 3660 pretiO,
1147 3576 1298 3640 libertate
1324 3574 1477 3653 donabit,

304 3681 473 3764 cingulum
497 3701 541 3743 ex
561 3702 652 3744 more
675 3682 797 3764 captivi
813 3682 855 3744 de
879 3682 943 3744 tuis
966 3681 1134 3746 resolvens
1150 3679 1278 3744 lumbis
1325 3677 1393 3745 Sed
1410 3678 1476 3743 hac

303 3787 475 3849 anxietate
490 3784 626 3862 solutus,
642 3785 742 3849 aliam
758 3805 776 3848 e
793 3785 895 3849 latere
910 3795 1100 3868 surgentem
1118 3805 1185 3848 non
1200 3780 1337 3867 effugies
1352 3784 1476 3848 sollici-

304 3890 462 3954 tudinem.
509 3890 597 3953 Nam
623 3891 670 3954 tui
697 3889 812 3953 fratres
836 3891 983 3973 undique
1008 3890 1224 3955 coarctabunt
1251 3897 1293 3966 te,
1314 3898 1351 3952 ut
1376 3897 1478 3953 tanto

304 4003 454 4076 tempore
480 3996 565 4077 patri
590 3994 747 4071 debitam,
771 3996 828 4057 sed
857 3994 1052 4077 neglectam,
1075 3995 1278 4077 redintegres
1302 3993 1477 4075 pietatem.

304 4098 356 4161 Tu
373 4108 495 4174 tamen,
511 4099 581 4160 sine
604 4098 671 4160 ulla
693 4098 902 4162 haesitatione
917 4098 1080 4162 voluntati
1102 4117 1216 4162 eorum
1232 4096 1478 4178 obsecundans,

305 4211 433 4284 patrem
450 4222 561 4264 senem
579 4201 633 4285 pie
655 4202 805 4284 excipias
827 4200 1079 4266 confovendum.
1126 4199 1227 4284 Quod
1246 4221 1340 4279 onus,
1355 4221 1478 4284 quam·
1540 4276 1544 4283 ¹

337 4472 348 4497 2
362 4455 417 4506 The
428 4456 497 4507 chiel
506 4463 647 4520 monastery
658 4456 684 4505 in
696 4456 739 4506 the
751 4456 831 4507 island
844 4457 872 4507 ol
881 4457 961 4507 Tiree.

337 4553 349 4590 a
363 4540 438 4589 From
456 4542 574 4601 μάχαιρα.
