3226 5520
588 455 899 522 coLuMsAE.
1283 458 1325 537 n

164 661 293 726 Eadem
317 661 441 746 quippe
464 660 547 726 hora
570 659 726 745 angelum
749 661 887 725 Domini
910 679 1010 745 supra
1024 660 1220 725 volitantem
1236 660 1326 725 solus

161 765 254 842 vidit,
269 765 355 829 intra
373 765 475 849 ipsius
489 765 623 830 oratorii
639 765 787 849 parietes
835 765 920 830 Haec
943 764 1032 829 enim
1048 784 1147 829 causa
1162 764 1223 829 suit
1239 764 1326 830 illius

163 868 281 932 subitae
308 867 442 947 laetitiae,
471 869 514 933 de
543 889 610 952 qua
639 888 715 932 cum
746 878 926 953 praesentes
956 868 1166 952 inquirerent,
1190 868 1252 932 hoc
1278 868 1326 932 eis

165 973 308 1039 Sanctus
334 993 528 1057 responsum
555 972 665 1039 dedit:
700 973 787 1037 Mira
812 982 846 1039 et
876 972 1143 1056 incomparabilis
1167 972 1327 1056 angelicae

163 1087 291 1142 naturae
318 1077 501 1143 subtilitas!
548 1078 636 1142 Ecce
651 1077 739 1141 enim
757 1077 894 1161 angelus
914 1077 1060 1154 Domini,
1076 1098 1136 1160 pro
1151 1076 1326 1160 cujusdam

164 1183 283 1247 missus
297 1183 505 1266 depositione
522 1182 596 1246 Deo
612 1182 687 1258 cari,
703 1202 764 1246 nos
786 1183 928 1265 desuper
943 1182 1030 1245 intra
1051 1180 1224 1245 ecclesiam
1241 1181 1327 1264 aspi-

163 1287 253 1350 ciens
279 1296 311 1351 et
328 1287 536 1365 benedicens,
551 1307 661 1351 rursus
676 1308 736 1370 per
756 1287 988 1370 parosticiam¹
1011 1284 1159 1349 ecclesiae
1181 1304 1329 1349 reversus

165 1389 256 1454 nulla
279 1389 354 1454 talis
385 1390 496 1456 exitus
526 1389 658 1473 reliquit
687 1391 834 1475 vestigia
902 1390 986 1454 Haec
1014 1389 1157 1456 Sanctus
1183 1390 1328 1473 seipsum

164 1492 354 1579 significans
368 1494 517 1560 dicebat:
541 1494 642 1578 Quod
657 1503 769 1560 tamen
794 1495 910 1560 iratres
930 1503 1010 1560 tunc
1025 1493 1184 1579 temporis
1199 1494 1328 1579 ignora·

164 1598 255 1679 bant,
269 1607 386 1684 postea
401 1619 479 1664 vero
494 1599 650 1664 sciebant

586 1951 789 2018 CAPUT
827 1952 955 2016 XIX.

374 2132 473 2198 Diem
497 2153 564 2198 suoe
585 2134 703 2198 mortis
721 2133 903 2199 Diormetrh
925 2141 1105 2198 monstrat.⁸

166 2305 241 2368 VIR
265 2302 377 2386 itaque
401 2314 535 2369 sanctus
550 2304 583 2368 in
610 2304 674 2369 fine
699 2305 848 2389 ejusdem
870 2305 1099 2382 hebdomadis,
1121 2304 1184 2368 hoc
1207 2313 1258 2368 est
1276 2304 1331 2369 die

166 2407 304 2486 sabbati,
320 2408 471 2473 ministro
486 2429 547 2473 suo
563 2410 750 2474 Diormetio
765 2409 850 2474 clarn
870 2420 989 2475 vocato
1012 2411 1058 2474 sic
1081 2409 1257 2493 praesatur:
1290 2409 1330 2473 In

166 2511 266 2574 sacris
276 2511 501 2576 voluminibus
512 2512 584 2577 haec
599 2514 671 2577 dies
683 2513 859 2578 sabbatum
872 2523 1082 2597 nuncupatur
1096 2513 1187 2595 quod
1203 2512 1332 2596 requies

167 2614 410 2698 interpretatur.
457 2616 503 2680 Et
524 2636 600 2681 vere
616 2617 696 2680 mihi
720 2627 770 2681 est
792 2617 951 2682 hodierna
966 2618 1038 2681 dies
1054 2616 1240 2693 sabbatum,
1254 2617 1334 2698 quia

167 2718 244 2782 vitae
259 2717 377 2782 ultima
394 2719 475 2784 mihi
491 2729 551 2799 est,
573 2721 606 2784 in
629 2741 696 2804 qua
718 2731 795 2805 post
820 2740 968 2786 meorum
988 2720 1138 2785 laborum
1155 2719 1333 2797 molestias,

168 2822 347 2898 sabbatizo,
372 2834 406 2888 et
428 2823 491 2887 hac
516 2825 666 2908 sequenti
690 2823 869 2889 Dominica
892 2833 989 2888 nocte
1008 2833 1140 2907 patrum
1155 2824 1243 2887 viam
1259 2844 1333 2907 gra·

167 2926 245 2989 diar.
290 2925 366 3008 Jam
382 2928 470 2990 enim
488 2926 640 2993 Christus
657 2948 710 2991 me
732 2928 850 2991 invitat
874 2937 908 2991 et
930 2927 977 2990 sic
1000 2927 1080 2990 mihi
1096 2927 1140 2991 ab
1155 2927 1228 3010 ipso
1243 2947 1332 2990 reve-

167 3027 272 3094 latum
288 3038 346 3095 est.
392 3030 545 3094 Minister
557 3031 633 3095 hinc
654 3032 875 3110 contristatur,
899 3031 957 3095 sed
983 3051 1002 3095 a
1025 3040 1120 3115 patre
1135 3032 1331 3096 consolatur.

170 3133 253 3197 Inde
279 3153 359 3215 ergo
382 3144 516 3198 sanctus
539 3135 604 3199 Dei
627 3135 800 3219 egrediens
825 3145 859 3199 et
885 3144 1034 3199 montem
1054 3135 1255 3199 monasterio
1279 3155 1331 3199 su-

168 3237 429 3320 pereminentem
455 3238 637 3302 ascendens
666 3239 700 3301 in
729 3237 852 3301 vertice
875 3236 948 3320 eJus
974 3237 1146 3321 paululum
1172 3238 1274 3315 stetit,
1300 3247 1334 3301 et

168 3341 304 3406 elevatis
320 3341 474 3407 manibus
489 3342 679 3406 coenobium
698 3361 793 3407 suurn
810 3341 994 3419 benedixit,
1009 3351 1043 3405 et
1058 3342 1101 3406 de
1116 3342 1335 3425 praesentibus

168 3453 202 3510 et
217 3444 334 3509 suturis
346 3445 451 3510 multa
466 3446 677 3530 prophetavit
693 3465 769 3530 quae
784 3454 901 3529 postea
915 3454 1054 3510 eventus
1069 3447 1229 3529 probavit.

203 3663 211 3691 ι
227 3649 302 3698 Forte
318 3647 468 3713 posticism‚;
484 3648 617 3699 Mobillon.
656 3649 700 3712 [In
716 3647 1042 3712 Ademnan,111„23,we
1058 3647 1121 3698 bave
1133 3648 1274 3713 paream
1284 3647 1335 3698 end

164 3729 315 3795 parantia,
329 3729 410 3781 which
423 3729 465 3781 the
483 3730 636 3781 Bollendists
651 3729 752 3796 explain
769 3730 803 3795 by
808 3730 939 3796 posticum,
946 3729 1085 3794 fenestella„
1121 3729 1164 3779 Du
1176 3730 1270 3795 cange,
1284 3729 1336 3780 like

170 3811 301 3872 Mebillon,
316 3827 434 3878 proposes
441 3814 554 3878 porticuli.
590 3810 711 3878 Colgnn’s
727 3811 825 3862 version
837 3811 866 3862 oi
879 3811 1024 3863 O'Donnell
1036 3818 1176 3876 represents
1186 3811 1206 3862 it
1217 3811 1251 3876 by
1265 3813 1281 3837 ‘⁴
1291 3826 1336 3877 pet

169 3893 280 3944 ecclesie
291 3893 411 3959 psrietem
422 3893 436 3917 ”
450 3894 524 3955 (ΙΙΙ.,
537 3907 578 3956 49,
592 3895 634 3945 Tr.
649 3894 709 3955 Th,
724 3911 747 3959 p.
763 3906 812 3955 440
822 3895 858 3953 a).
897 3894 914 3918 ‘⁴
923 3893 972 3942 But
989 3907 1055 3942 none
1066 3892 1094 3942 oi
1109 3893 1179 3943 these
1189 3892 1335 3958 interpreta-

169 3973 262 4034 tions,”
279 3975 325 4026 Dr.
346 3975 442 4026 Reeves
458 3976 584 4036 observes,
607 3977 741 4040 “conveys
760 3975 803 4025 the
821 3973 930 4025 sutbor’s
950 3972 1075 4038 meaning,
1089 3973 1147 4024 who
1157 3973 1282 4025 describes
1293 3974 1336 4025 the

169 4058 243 4122 angel
254 4073 282 4107 ss
292 4073 350 4108 over
360 4058 403 4108 the
410 4055 596 4123 congregation,
608 4057 658 4106 aod
669 4056 816 4107 introduced
825 4055 851 4106 in
863 4056 923 4106 such
932 4071 948 4105 e
956 4071 1011 4120 wey
1019 4064 1080 4105 usto
1088 4054 1157 4105 show
1170 4055 1212 4105 the
1222 4054 1337 4104 subtiliat

169 4138 199 4189 oi
206 4139 302 4204 angelic
314 4147 409 4200 nature,
424 4139 478 4189 that
489 4139 518 4198 is,
532 4139 640 4203 through
651 4138 782 4188 substance
799 4137 978 4202 impermeable
989 4145 1016 4186 to
1027 4136 1139 4187 material
1151 4136 1246 4203 beings.
1280 4135 1337 4186 The

170 4220 262 4271 second
274 4228 330 4284 pert
341 4219 369 4269 oi
386 4220 429 4270 the
453 4220 510 4270 Vita
528 4221 642 4270 Secunda
660 4221 686 4270 in
705 4221 803 4284 Colgan
836 4257 843 4270 .
880 4256 887 4270 .
923 4256 930 4270 .
965 4226 1016 4271 sets
1034 4219 1077 4270 the
1094 4228 1185 4271 matter
1195 4229 1221 4270 at
1232 4227 1289 4280 rest,
1304 4219 1338 4284 by

170 4300 274 4366 reading
286 4301 312 4351 in
324 4300 367 4351 tbe
378 4301 482 4366 perallel
501 4299 572 4366 place
587 4304 646 4367 ‘per
659 4301 756 4351 culmen
768 4300 897 4361 eeclesia·
907 4317 961 4367 cup.
978 4313 1018 4365 30,
1033 4302 1086 4363 (Tr.
1100 4302 1160 4363 m,
1174 4318 1200 4368 p.
1214 4313 1262 4366 329
1272 4301 1338 4366 a.)”]

171 4381 290 4433 Eoclesiae
302 4389 362 4433 tunc
381 4382 448 4447 apud
461 4382 589 4434 Hibernos
600 4382 667 4433 iuere
678 4398 770 4447 parvm
784 4381 810 4432 in
822 4382 926 4433 lormem
944 4383 1046 4449 quadra
1057 4383 1173 4450 oblonga
1184 4383 1300 4447 redecm
1312 4391 1338 4435 et

170 4463 304 4515 viminibus
315 4463 632 4516 rubriore-Pineum
668 4466 717 4517 See
728 4464 788 4516 viu
800 4464 912 4526 Ninieni,
926 4481 949 4517 c.
964 4477 987 4530 3,
1000 4479 1062 4531 m.

204 4546 353 4608 ⁸Ademn„
368 4546 431 4607 111..
445 4559 484 4610 23·
