3226 5520
613 523 925 594 COLUMBAE.
1296 519 1354 603 ¹63

190 730 270 794 libet
299 731 359 796 tibi
389 733 540 797 videatur
569 752 678 816 grave,
707 732 894 797 contristari
926 750 991 795 non
1025 729 1135 808 debes,
1165 728 1243 813 quia
1273 748 1355 791 mox

189 833 343 916 depones.
390 836 479 899 Nam
506 856 551 900 ex
577 857 643 920 qua
669 837 724 901 die
749 836 884 920 incipies
908 835 994 919 patri
1022 833 1215 911 ministrare,
1235 831 1300 896 alia
1322 831 1355 895 in

190 936 255 1002 fine
281 938 430 1022 ejusdem
455 939 650 1022 septimanae
675 949 841 1004 mortuum
865 937 1011 1022 sepelies
1058 937 1124 1003 Sed
1152 947 1228 1020 post
1251 936 1355 1020 patris

189 1042 420 1124 sepultionem,
446 1043 564 1107 iterum
595 1042 712 1107 iratres
741 1053 774 1108 te
804 1045 922 1107 acriter
950 1042 1160 1126 compellent,
1190 1050 1227 1105 ut
1259 1039 1356 1104 matri

189 1146 290 1209 etiam
320 1147 434 1211 debita
461 1147 593 1230 pietatis
616 1147 791 1231 impendas
817 1148 983 1232 obsequia
1040 1147 1093 1211 De
1116 1167 1182 1230 qua
1206 1144 1356 1230 profecto

190 1250 417 1334 compulsione
432 1261 508 1315 tuus
521 1251 633 1334 junior
644 1262 677 1316 te
693 1252 842 1317 absolvet
858 1251 956 1316 frater
969 1274 977 1331 ;
992 1251 1048 1336 qui
1064 1259 1122 1316 tua
1136 1251 1207 1315 vice
1222 1257 1357 1333 paratus

190 1374 290 1418 omne
305 1355 438 1438 pietatis
453 1375 547 1438 opus,
562 1356 652 1439 quod
668 1357 780 1433 debes,
795 1376 855 1440 pro
871 1366 904 1421 te
921 1357 1018 1421 matri
1033 1355 1178 1421 serviens
1195 1353 1320 1419 reddet

235 1461 315 1523 Post
330 1459 402 1523 haec
424 1460 524 1524 verba
546 1481 646 1545 supra
669 1470 871 1525 memoratus
894 1460 1002 1539 irater,
1026 1461 1190 1525 Libranus
1213 1458 1357 1534 nomine,

190 1572 328 1646 accepto
351 1583 495 1641 munere,
518 1564 633 1630 Sancti
656 1565 782 1631 ditatus
804 1566 1035 1631 benedictione
1062 1565 1232 1649 perrexit;
1254 1571 1288 1627 et
1314 1561 1357 1626 ad

191 1668 333 1750 patriam
375 1669 577 1752 perveniens,
614 1670 735 1746 omnia,
774 1669 957 1734 secundum
1000 1669 1115 1735 Sancti
1156 1667 1358 1744 vaticinium,

192 1772 318 1836 invenit
341 1793 417 1836 vere
443 1773 589 1855 probata
638 1774 725 1837 Nam
750 1774 873 1851 statim,
896 1784 933 1838 ut
957 1776 1099 1858 pretium
1125 1793 1193 1838 suae
1217 1769 1359 1835 offerens

192 1875 352 1940 libertatis
368 1878 514 1940 ostendit
529 1878 675 1954 domino,
691 1878 839 1960 accipere
855 1878 977 1942 volenti
994 1876 1163 1962 refragans
1178 1895 1285 1941 uxor:
1310 1874 1359 1939 Ut

192 1982 272 2062 quid
302 1980 407 2060 nobis,
437 1981 492 2057 ait,
522 1981 585 2045 hoc
622 1981 771 2065 accipere
808 1984 897 2064 quod
931 1990 1065 2046 sanctus
1096 1980 1238 2064 pretium
1270 1976 1360 2042 misit

193 2083 383 2148 Columba?
441 2085 516 2149 Hoc
543 2106 609 2149 non
641 2105 755 2149 sumus
784 2085 884 2168 digni.
943 2085 1116 2149 Liberetur
1146 2085 1175 2148 ei
1202 2083 1276 2166 pius
1306 2081 1359 2145 hic

192 2189 295 2270 gratis
311 2188 521 2253 ministrator.
569 2189 679 2273 Magis
696 2189 790 2253 nobis
805 2189 910 2253 sancti
927 2189 986 2252 viri
1003 2187 1191 2253 benedictio
1202 2184 1360 2269 proficiet,

192 2311 293 2373 quam
309 2291 372 2355 hoc
387 2293 477 2376 quod
493 2291 629 2357 offertur
644 2293 794 2376 pretium.
840 2292 993 2357 Audiens
1017 2294 1129 2377 itaque
1145 2293 1281 2355 maritus
1297 2289 1360 2353 hoc

194 2395 321 2459 maritae
351 2395 481 2460 salubre
510 2396 693 2472 consilium,
723 2396 882 2460 continuo
908 2397 1011 2481 gratis
1042 2397 1193 2461 liberavit
1219 2414 1359 2460 servum.

194 2496 260 2581 Qui
291 2506 376 2580 post,
403 2497 503 2580 juxta
533 2498 742 2582 prophetiam
775 2499 899 2577 Sancti,
928 2499 1121 2583 compulsus
1148 2520 1168 2563 a
1197 2496 1361 2575 iratribus,

193 2610 330 2684 patrem,
345 2602 398 2665 cui
422 2602 607 2667 ministrare
629 2602 740 2685 coepit,
763 2603 905 2685 septima
932 2601 987 2667 die
1010 2611 1176 2666 mortuum
1202 2600 1359 2685 sepelivit.

194 2704 272 2789 Quo
292 2705 432 2789 sepulto,
447 2714 484 2770 ut
506 2716 540 2771 et
564 2708 660 2771 matri
688 2706 799 2771 debite
824 2707 1002 2771 deserviret
1028 2704 1245 2789 compellitur.
1292 2704 1360 2771 Sed

194 2810 408 2874 subveniente
435 2810 566 2893 juniore
591 2809 698 2888 fratre,
722 2809 818 2874 sicuti
844 2808 988 2876 Sanctus
1018 2810 1228 2893 praedixerat,
1254 2809 1359 2872 vicem

193 2915 265 2998 ejus
295 2912 510 2997 adimplente,
540 2913 728 2980 absolvitur.
783 2912 851 2979 Sed
879 2913 1075 2997 juniorque⁴
1096 2915 1139 2978 ad
1170 2912 1285 2977 fratres
1315 2913 1362 2978 sic

194 3017 345 3083 dicebat:
368 3017 472 3082 Nullo
488 3020 589 3083 modo
608 3038 669 3082 nos
691 3027 823 3103 oportet
846 3017 980 3082 fratrem
1003 3018 1037 3081 in
1060 3018 1167 3101 patria
1190 3027 1362 3097 retentare,

194 3125 251 3207 qui
267 3142 325 3206 per
340 3131 468 3205 septem
484 3142 591 3186 annos
606 3125 696 3206 apud
720 3133 871 3189 sanctum
896 3122 1094 3189 Columbam
1119 3122 1152 3186 in
1177 3121 1363 3187 Brittannia

194 3227 335 3292 salutem
351 3227 501 3292 exercuit
518 3227 647 3291 anima*u

239 3332 318 3394 Post
334 3349 410 3412 quae
425 3329 468 3393 ab
484 3330 648 3408 omnibus,
663 3329 783 3414 quibus
806 3330 1053 3407 molestabatur,
1069 3328 1249 3407 absolutus,
1265 3330 1362 3394 matri

195 3445 228 3500 et
255 3434 409 3499 fratribus
433 3434 629 3511 valedicens,
654 3433 736 3499 liber
761 3455 909 3499 reversus
935 3435 977 3499 ad
1002 3435 1121 3513 locum,
1146 3435 1203 3518 qui
1231 3433 1363 3500 Scotice

195 3539 358 3604 vocitatur
374 3537 475 3602 Daire
491 3538 672 3622 Calgaich,⁵
686 3540 842 3622 pervenit
876 3539 1072 3623 Ibidemque
1087 3540 1198 3603 navim
1215 3540 1277 3604 sub
1288 3538 1363 3603 velo

195 3667 215 3708 a
244 3653 341 3727 portu
372 3644 591 3725 emigrantem
623 3643 801 3720 inveniens,
830 3643 1005 3707 clamitans
1034 3643 1078 3707 de
1108 3642 1203 3707 litore
1232 3643 1363 3726 rogitat,

195 3758 232 3814 ut
262 3749 370 3831 ipsum
401 3757 512 3812 nautae
542 3767 617 3812 cum
648 3748 695 3811 eis
726 3749 929 3831 susciperent
957 3748 1188 3829 navigaturum
1216 3747 1248 3809 in
1278 3747 1363 3810 Brit·

194 3853 352 3917 tanniam
399 3850 466 3916 Sed
497 3851 559 3933 ipsi
586 3870 653 3914 non
680 3850 897 3934 suscipientes
923 3849 1149 3915 refutaverunt
1174 3869 1260 3927 eum,
1284 3850 1362 3933 quia

197 3977 263 4021 non
289 3965 383 4020 erant
412 3955 455 4019 de
486 3955 657 4020 monachis
687 3956 792 4019 sancti
820 3954 1002 4020 Columbae
1059 3953 1148 4018 Tum
1175 3953 1296 4018 deinde
1319 3953 1362 4018 ad

195 4061 338 4126 eundem
354 4057 575 4122 venerabilem
592 4057 730 4142 loquens
741 4059 858 4133 virum,
868 4057 1051 4141 quamlibet
1067 4056 1166 4140 longe
1182 4055 1363 4136 absentem,

196 4175 308 4230 tamen
325 4163 441 4246 spiritu
463 4172 672 4246 praesentem,
687 4173 724 4228 ut
748 4182 829 4226 mox
850 4183 901 4227 res
924 4161 1098 4246 probavit:
1123 4162 1278 4226 Placetne
1293 4161 1363 4242 tibi,

229 4363 529 4508 ἒὲἓιῖ,ὑῖῐοὲᾼὶυ
550 4446 680 4498 htlnired
698 4448 761 4499 lom
778 4447 800 4499 is
820 4447 975 4499 Roboretum
993 4445 1122 4513 Calgaehi¹
1138 4446 1170 4508 1..
1184 4457 1209 4508 ι,
1222 4459 1262 4509 ²⁰»
1275 4454 1362 4513 παρη.

197 4531 253 4583 'l'be
265 4528 367 4581 Cburcb
382 4529 412 4579 ol
429 4530 509 4594 Derry
527 4545 577 4581 tm
588 4529 699 4583 founded
719 4530 752 4596 by
769 4531 808 4582 St.
821 4529 955 4591 Columba.
971 4529 1107 4595 according
1125 4540 1152 4582 to
1169 4529 1212 4582 the
1230 4530 1328 4582 Auuds
1338 4530 1368 4583 oi

199 4615 292 4674 Ulffl·
306 4612 333 4664 3²²
346 4621 401 4678 5⁴5
