3226 5520
598 505 912 575 COLUMBAE.

571 897 598 965 C
611 896 646 962 A
658 897 684 962 P
697 898 731 965 U
744 898 775 964 Τ
813 898 846 963 Χ
858 898 891 963 Χ
900 898 945 965 V.

374 1087 427 1153 De
447 1086 604 1152 comt‘crclo
624 1087 803 1153 atramenti
823 1087 970 1152 inaniter
988 1088 1109 1170 defuso.

175 1275 273 1341 ALIA
295 1275 381 1341 inter
402 1277 474 1340 haec
497 1276 552 1341 die
575 1277 661 1342 ultra
688 1278 808 1344 fretum
834 1278 926 1343 Ionae
942 1277 1058 1342 insulae
1075 1276 1256 1342 clamatum
1272 1287 1343 1340 est:

175 1400 274 1464 quem
306 1380 449 1446 Sanctus
478 1382 598 1445 sedens
621 1381 654 1444 in
679 1382 866 1467 tuguriolo¹
891 1382 1014 1447 tabulis
1041 1381 1178 1445 suffulto
1204 1382 1343 1445 audiens

175 1483 353 1548 clamorem
370 1485 469 1550 dicit:
495 1485 610 1550 Homo
633 1487 689 1570 qui
705 1487 792 1551 ultra
807 1487 958 1551 clamitat
973 1486 1093 1550 fretum
1111 1505 1178 1549 non
1201 1495 1252 1549 est
1267 1483 1343 1548 sub·

175 1588 242 1652 tilis
265 1609 390 1666 sensus,
417 1610 494 1654 nam
521 1591 621 1655 hodie
650 1591 715 1654 mei
745 1590 948 1654 corniculum
979 1590 1157 1654 atramenti
1182 1589 1345 1652 inclinans

175 1692 332 1759 effundet
377 1693 478 1778 Quod
504 1695 639 1759 verbum
663 1694 735 1778 ejus
751 1695 954 1758 ministrator
978 1694 1177 1759 Diormitius
1197 1693 1345 1770 audiens,

176 1798 343 1881 paulisper
365 1811 442 1864 ante
462 1799 600 1882 januam
623 1809 724 1874 stans,
739 1818 917 1880 gravamen
934 1797 1138 1881 expectabat
1153 1816 1252 1880 super
1266 1816 1345 1859 ven-

176 1912 286 1966 turum
312 1903 487 1986 hospitem,
513 1913 550 1967 ut
579 1903 782 1967 corniculum
813 1902 1013 1967 defenderet
1070 1902 1137 1968 Sed
1167 1901 1233 1966 alia
1263 1920 1345 1964 mox

177 2004 318 2070 faciente
343 2027 452 2083 causa,
477 2007 555 2071 inde
579 2007 735 2086 recessit;
765 2017 798 2070 et
828 2016 905 2090 post
934 2006 1006 2089 ejus
1036 2025 1200 2070 recessum
1225 2003 1346 2087 hospes

178 2111 337 2176 molestus
363 2111 561 2195 supervenit,
588 2112 816 2195 Sanctumque
845 2111 1063 2175 osculandum
1091 2119 1263 2194 appetens,
1287 2127 1346 2172 ora

175 2215 366 2280 vestimenti
382 2215 575 2280 inclinatum
591 2213 709 2280 effudit
723 2216 900 2280 atramenti
917 2214 1131 2281 corniculum.

559 2618 762 2686 CAPUT
804 2619 974 2684 XXVI.

227 2793 279 2858 Dc
299 2794 439 2878 altirejus
460 2795 602 2860 adventu
623 2796 757 2880 hoepitis
778 2817 871 2880 quem
895 2797 1039 2862 Sanctus
1051 2794 1301 2880 prauumue.

180 3085 268 3152 satus
290 3099 360 3154 est:
387 3090 541 3155 Crastina
558 3101 676 3174 quarta
700 3091 780 3155 teria
798 3091 950 3174 jejunare
973 3090 1199 3172 proponimus,
1220 3087 1278 3151 sed
1301 3095 1350 3151 ta-

181 3211 266 3268 men,
283 3193 535 3276 superveniente
550 3197 696 3278 quodam
714 3194 856 3258 molesto
867 3194 1008 3276 hospite,
1023 3191 1350 3256 consuetudinarium

181 3295 326 3359 solvetur
338 3295 511 3378 jejunium.
557 3296 658 3381 Quod
674 3300 721 3362 ita
741 3307 779 3361 ut
802 3297 928 3363 Sancto
946 3305 1185 3379 praeostensum
1202 3304 1252 3358 est
1267 3294 1353 3358 acci·

181 3399 251 3477 dit;
275 3419 352 3464 nam
369 3420 467 3466 mane
482 3403 599 3466 eadem
615 3410 735 3485 quarta
753 3400 842 3479 seria,
865 3400 949 3465 alius
964 3400 1051 3466 ultra
1067 3399 1187 3464 fretum
1203 3398 1352 3463 clamita-

182 3503 240 3567 bat
262 3504 458 3588 proselytus,
481 3505 635 3571 Aidanus
658 3507 801 3584 nomine,
824 3504 910 3569 filius
927 3504 1080 3587 Fergnoi,
1097 3503 1164 3587 qui,
1184 3513 1222 3567 ut
1243 3503 1353 3580 iertur,

181 3606 358 3672 duodecim
383 3609 479 3672 annis
505 3609 703 3674 Brendeno³
731 3609 930 3674 ministravit
958 3607 1143 3684 Mocualti;
1176 3609 1227 3672 vir
1256 3607 1353 3672 valde

182 3708 363 3793 religiosus,
386 3713 453 3796 qui,
467 3723 505 3777 ut
526 3714 670 3792 advenit,
685 3714 835 3797 ejusdem
858 3713 934 3790 diei,
945 3712 1047 3796 juxta
1069 3711 1206 3776 verbum
1229 3711 1354 3790 Sancti,

178 3813 422 3897 jejunationem
438 3817 545 3883 solvit

217 4031 385 4096 ‘According
396 4039 423 4082 to
440 4031 502 4092 111..
516 4045 556 4093 aa,
570 4032 650 4099 insta,
664 4032 714 4084 thie
730 4033 774 4084 hut
792 4049 843 4082 uus
863 4033 915 4083 “in
932 4030 1096 4083 eminentiore
1111 4031 1168 4081 loco
1180 4027 1355 4080 fabricatum.'‘

184 4112 208 4163 lt
220 4128 271 4163 vrrs
282 4113 325 4164 the
336 4113 408 4179 place
420 4113 502 4166 where
514 4116 556 4166 the
568 4115 641 4167 Saiut
652 4131 703 4167 πυ
714 4116 740 4166 iu
752 4116 795 4168 the
805 4115 877 4166 habit
888 4115 918 4167 oi
925 4114 1033 4180 erinna.

216 4208 228 4236 ¹
241 4196 364 4261 Tuesday.

218 4275 298 4328 sThe
309 4277 413 4328 founder
424 4277 453 4329 oi
465 4277 578 4330 Cloniert
595 4279 645 4329 end
663 4280 759 4329 famous
775 4295 890 4345 voyeger.
930 4279 972 4329 He
991 4277 1013 4328 ie
1032 4277 1085 4328 nid
1103 4285 1131 4327 to
1147 4276 1212 4328 heve
1229 4276 1293 4327 been
1313 4275 1357 4326 the

184 4359 265 4409 iether
276 4360 305 4410 oi
318 4360 388 4412 three
400 4361 524 4412 thomam
536 4363 634 4413 munke
669 4362 726 4413 ‘rue
742 4363 842 4413 recorda
857 4362 888 4413 oi
902 4360 942 4411 his
959 4360 1116 4425 'undenum
1133 4374 1198 4411 were
1208 4373 1302 4423 among
1314 4358 1357 4409 the

185 4451 250 4492 most
262 4442 367 4508 populu
379 4443 481 4509 legende
493 4445 522 4494 oi
531 4443 573 4496 the
586 4443 684 4496 Middie
696 4446 772 4511 Aget
810 4445 853 4496 He
863 4443 923 4495 died
936 4442 997 4509 May
1011 4442 1049 4504 16,
1061 4452 1116 4507 577,
1130 4442 1194 4508 nged
1204 4450 1245 4507 95.
1283 4440 1358 4491 Heia

183 4524 328 4576 eomeumes
339 4526 420 4576 called
432 4527 475 4578 the
485 4542 531 4578 sou
543 4527 572 4578 oi
587 4528 719 4594 Finnloge,
733 4537 761 4579 to
771 4526 920 4593 distinguish
932 4525 985 4577 him
996 4525 1060 4576 irum
1072 4527 1110 4576 St.
1125 4525 1242 4575 Breudeu
1253 4523 1283 4575 oi
1292 4522 1354 4574 uin.

185 4608 234 4658 See
246 4607 348 4659 Forbes‘
361 4609 420 4660 Kat
433 4610 497 4662 Sur.
510 4611 568 4672 SS„
581 4611 632 4662 mu
644 4609 748 4663 Smith's
758 4611 829 4663 oter.
845 4611 938 4661 Christ.
953 4608 1021 4670 Bia..
1035 4608 1063 4670 i..
1077 4624 1119 4675 pp
1135 4607 1219 4673 ³³54
