3226 5520
233 493 293 558 14²
517 475 663 544 VITA
699 473 1004 544 IL-LIBER
1040 472 1100 543 11.

230 682 288 765 qui
302 691 419 765 postea
434 701 538 747 senex
554 683 588 746 in
605 683 805 748 monasterio
822 683 938 748 Elenae
953 681 1082 748 insulae¹
1105 680 1307 766 prepositus
1322 690 1405 762 erat,

228 788 272 851 ad
288 786 450 854 Sanctum
465 787 612 866 veniens,
626 787 774 871 queritur
789 788 832 852 de
846 786 1009 871 profluvio
1023 785 1202 870 sanguinis,
1211 786 1273 870 qui
1283 785 1405 851 crebro

229 911 288 976 per
303 891 425 957 multos
442 913 571 959 menses
585 893 629 957 de
640 892 774 957 naribus
785 892 857 976 ejus
866 891 1084 956 immoderate
1095 888 1290 975 profluebat
1322 887 1404 974 Quo

229 997 365 1080 propius
380 997 496 1075 accito,
508 997 651 1064 Sanctus
663 997 779 1062 ambas
791 996 894 1081 ipsius
909 1015 1004 1060 nares
1015 994 1102 1060 binis
1117 1013 1236 1059 manus
1246 994 1403 1060 dexterae

228 1100 377 1183 digitulis
399 1102 605 1186 constrigens
627 1100 809 1167 benedixit.
865 1101 923 1166 Ex
945 1119 1013 1184 qua
1038 1099 1121 1165 hora
1145 1098 1403 1178 benedictionis,

229 1225 400 1290 nunquam
416 1208 551 1291 sanguis
566 1208 609 1273 de
631 1226 713 1273 naso
734 1206 807 1291 ejus
828 1225 933 1289 usque
956 1205 1001 1271 ad
1019 1213 1209 1271 extremum
1223 1203 1402 1271 distillavit

228 1309 324 1375 diem.

630 1763 657 1830 C
670 1763 705 1828 A
718 1765 743 1829 P
757 1765 791 1832 U
804 1765 834 1828 T
874 1763 907 1828 X
920 1763 933 1826 Ι
946 1763 992 1828 X.

268 1969 321 2033 De
334 1989 416 2034 esoce
430 1989 548 2053 magno
562 1967 598 2034 in
604 1967 714 2053 fluvii
729 1968 809 2035 Sale
812 1969 917 2052 juxta
932 1967 1063 2033 verbum
1080 1967 1198 2034 Sancti
1209 1977 1363 2035 euveum

226 2174 324 2240 ALIO
340 2175 373 2239 in
389 2183 547 2259 tempore,
563 2195 639 2240 curn
662 2171 882 2258 praedicabilis
903 2172 964 2237 viri
987 2169 1133 2253 sociales,
1148 2172 1274 2238 strenui
1288 2173 1397 2258 pisca·

224 2287 322 2356 tores,
346 2279 465 2360 quinos
488 2278 521 2341 in
547 2289 617 2343 rete
639 2279 747 2362 pisces
769 2277 949 2360 coepissent
974 2275 1008 2339 in
1031 2272 1132 2339 fluvio
1154 2272 1233 2342 Sale
1253 2275 1398 2360 piscoso,

226 2381 370 2447 Sanctus
392 2383 435 2447 ad
458 2402 524 2460 eos,
539 2382 667 2462 iterato,
682 2383 738 2461 ait,
755 2382 840 2446 Rete
865 2381 898 2444 in
921 2379 1056 2445 flumem
1080 2379 1211 2458 mittite,
1225 2390 1260 2445 et
1278 2381 1395 2447 statim

224 2484 398 2549 invenietis
421 2486 592 2569 grandem,
607 2505 707 2567 quem
731 2483 812 2548 mihi
837 2482 1004 2548 Dominus
1027 2482 1233 2567 praeparavit,
1258 2483 1395 2567 piscem

225 2587 301 2672 Qui,
316 2588 417 2653 verbo
432 2587 548 2655 Sancti
564 2587 841 2673 obtemperantes,
856 2587 948 2651 mirae
964 2584 1204 2673 magnitudinis
1217 2595 1397 2655 traxerunt

224 2691 258 2754 in
274 2690 432 2757 retiaculo
446 2703 591 2757 esocem²
612 2712 633 2756 a
649 2690 724 2755 Deo
739 2690 801 2756 sibi
816 2699 1048 2775 praeparatum.

222 2924 275 2991 De
294 2925 416 2992 drwbus
428 2925 582 3010 precibus,
604 2925 661 2991 illo
673 2924 892 3094 pBeopietante,
914 2924 951 2990 in
972 2922 1107 2993 flumine
1126 2923 1215 3009 quod
1232 2925 1398 2992 vocitatur

718 3049 754 3093 oo
775 3028 913 3111 repertis.

221 3198 320 3265 ALIO
332 3220 464 3283 quoque
476 3198 509 3263 in
525 3208 684 3282 tempore,
696 3219 772 3263 cum
789 3199 932 3265 Sanctus
944 3198 1045 3282 juxta
1062 3197 1121 3264 Cei
1138 3197 1392 3282 Stagnum³a1i-

222 3305 355 3386 quantis
370 3305 596 3368 demoraretur
608 3303 734 3382 diebus,
746 3304 885 3368 comites
896 3304 942 3367 ire
955 3304 997 3367 ad
1009 3303 1205 3388 piscandum
1217 3304 1392 3388 cupientes

221 3408 409 3486 retardavit,
431 3408 566 3472 dicens:
591 3408 703 3472 Hodie
728 3417 762 3472 et
784 3429 855 3471 cras
878 3408 987 3472 nullus
1011 3409 1045 3472 in
1060 3407 1196 3472 flumine
1211 3408 1393 3492 reperietur

220 3512 335 3593 piscis:
358 3513 456 3576 tertia
472 3513 603 3576 mittam
615 3533 674 3576 vos
686 3513 749 3592 die,
761 3523 794 3576 et
807 3513 980 3576 invenietis
997 3512 1092 3576 binos
1106 3513 1257 3596 grandes,
1269 3513 1303 3576 in
1319 3521 1391 3578 rete

219 3624 373 3694 retentos,
389 3614 575 3680 fluminales
597 3636 717 3681 esoces.
764 3615 859 3698 Quos
881 3617 937 3695 ita,
952 3625 1029 3700 post
1050 3615 1134 3681 duas
1148 3616 1304 3697 dieculas,
1319 3626 1392 3683 rete

221 3720 400 3798 mittentes,
426 3720 509 3784 duas
536 3721 710 3784 rarissimae
738 3721 986 3805 magnitudinis,
1009 3721 1042 3785 in
1063 3720 1165 3786 fluvio
1187 3721 1244 3805 qui
1268 3722 1393 3787 dicitur

252 4010 261 4037 ¹
277 4002 411 4055 Identified
422 4002 456 4067 by
468 4003 513 4054 Dr.
528 4002 612 4055 Sirene
624 4001 684 4054 with
697 4003 787 4054 Eilean
799 4005 909 4066 Naomh,
923 4021 981 4056 now
992 4005 1065 4057 Nave
1076 4004 1166 4067 island,
1180 4020 1240 4056 near
1251 4004 1328 4071 lslay.

251 4102 340 4152 1'l’his
356 4102 407 4152 and
424 4102 466 4152 the
483 4101 611 4168 following
625 4103 679 4153 title
690 4119 732 4153 ere
744 4105 815 4154 those
830 4104 859 4154 oi
872 4105 980 4156 Codices
997 4105 1025 4155 B.
1040 4105 1091 4155 and
1102 4106 1171 4156 Cott.
1206 4104 1238 4155 In
1252 4105 1341 4156 Codex
1353 4107 1387 4158 A.

217 4185 260 4235 the
278 4192 329 4235 two
348 4185 502 4250 paragraphs
519 4185 583 4234 iorm
604 4200 653 4236 one
672 4185 774 4251 chapter
795 4186 856 4237 with
876 4186 918 4237 tbe
936 4186 993 4238 title
1019 4187 1086 4238 “De
1104 4186 1214 4252 piscibus
1237 4186 1314 4238 beato
1333 4188 1389 4240 vim

216 4266 357 4332 specialiter
368 4283 384 4316 a
396 4267 452 4317 Deo
463 4264 635 4333 praeparatis.”

249 4367 329 4418 ²The
341 4367 458 4432 meaning
475 4383 569 4418 navers
586 4369 700 4420 bmvoen
719 4363 762 4420 “a
777 4367 860 4435 piks”
876 4368 928 4421 and
947 4370 992 4421 “a
1007 4368 1134 4422 salmon.”
1166 4370 1216 4422 See
1226 4369 1273 4421 Dr.
1289 4370 1390 4425 Reeves

215 4455 275 4499 note
285 4463 319 4498 on
330 4447 373 4499 the
385 4449 464 4500 word.

248 4560 261 4598 a
274 4547 364 4614 lmugh
376 4549 434 4614 Key
444 4548 471 4601 in
481 4549 585 4616 County
596 4551 774 4605 Romnum
