3226 5520
330 478 391 543 124
628 455 775 523 VITA
815 454 1120 522 ll.-LlBER
1159 455 1191 522 1.

373 668 458 735 Haec
473 667 516 734 de
530 666 620 733 beati
634 666 695 731 viri
712 664 906 751 prophetica
920 664 1035 749 gratia,
1046 663 1141 749 quasi
1156 664 1204 731 de
1218 664 1402 751 plurimis
1419 688 1542 755 pauca,

329 775 363 838 in
385 773 483 858 hujus
506 772 607 837 libelli
633 781 730 837 textu
753 771 851 854 primi
876 790 1053 835 caraxasse
1074 768 1227 837 sufficiat.
1298 774 1431 841 Pauca
1456 776 1542 855 dixi,

330 898 408 944 nam
429 878 491 942 hoc
507 878 550 941 de
571 876 749 941 venerabili
776 875 846 940 viro
869 884 1009 941 nonest
1034 874 1266 941 dubitandum
1298 880 1407 963 quod
1437 880 1542 946 valde

328 982 553 1048 numerosiora
569 980 697 1059 luerint,
712 1000 788 1063 quae
804 980 837 1043 in
854 978 1007 1044 notitiam
1027 978 1211 1058 hominum,
1227 994 1475 1049 sacramenta
1489 986 1541 1049 in·

328 1086 429 1151 terius
451 1086 566 1162 celata,
583 1086 694 1149 venire
710 1084 801 1148 nullo
824 1084 925 1148 modo
945 1091 1107 1166 poterant,
1121 1103 1226 1166 quarn
1251 1104 1301 1150 ea
1318 1108 1419 1171 quae,
1436 1089 1538 1174 quasi

328 1190 483 1274 quaedam
499 1209 601 1272 parva
613 1188 793 1271 aliquando
808 1187 984 1265 stillicidia,
995 1185 1097 1251 veluti
1112 1206 1171 1269 per
1181 1190 1369 1271 quasdam
1387 1193 1538 1259 rimulas

328 1293 467 1377 alicujus
482 1291 571 1377 pleni
587 1292 674 1356 vasis
689 1290 932 1356 ferventissimo
947 1310 1034 1354 novo
1049 1289 1270 1357 destillabant
1286 1294 1389 1361 vino.
1439 1296 1535 1363 Nam

329 1398 434 1463 sancti
456 1406 491 1461 et
511 1396 684 1481 apostolici
706 1395 776 1474 viri,
797 1415 919 1459 vanam
942 1395 1105 1460 evitantes
1129 1394 1289 1479 gloriam,
1315 1398 1536 1487 plerumque

328 1503 363 1567 in
379 1511 541 1587 quantum
556 1510 697 1586 possunt
712 1501 841 1566 interna
863 1500 1019 1584 quaedam
1034 1518 1165 1578 arcana,
1179 1498 1244 1565 sibi
1260 1500 1491 1571 intrinsecus
1512 1526 1534 1572 a

329 1606 406 1672 Deo
432 1605 616 1684 manifesta,
639 1605 746 1670 celare
771 1602 937 1670 festinant
993 1603 1062 1671 Sed
1085 1603 1179 1669 Deus
1200 1607 1382 1675 nonnulla
1402 1629 1456 1675 ex
1471 1610 1534 1689 eis.

328 1709 432 1776 velint
447 1710 553 1775 nolint
569 1710 640 1794 ipsi,
655 1708 814 1792 divulgat,
828 1716 863 1772 et
878 1708 911 1772 in
928 1708 1074 1774 medium
1089 1727 1226 1792 quoquo
1245 1710 1391 1793 profert
1407 1715 1531 1795 modo,

328 1814 483 1879 videlicet
508 1812 690 1898 glorificare
715 1812 830 1877 volens
859 1811 1081 1897 glorificantes
1106 1831 1142 1875 se
1168 1810 1331 1893 Sanctus,
1360 1816 1436 1883 hoc
1465 1826 1530 1899 est,

328 1917 438 2003 ipsum
454 1918 638 1983 Dominum
653 1916 706 1981 cui
721 1915 826 2000 gloria
841 1916 875 1981 in
891 1916 1013 1982 saecula
1026 1914 1231 1981 saeculorum
1278 1916 1418 1988 Amen.

573 2086 628 2152 De
643 2085 755 2151 Primo
770 2085 872 2152 Libro
887 2085 1069 2171 imponitur
1083 2084 1253 2153 terminus.
