3226 5520
581 888 784 957 CAPUT
824 887 903 956 IV.

332 1095 386 1161 De
407 1095 584 1178 morbifera
605 1093 694 1173 nube,
715 1103 747 1158 et
759 1093 982 1178 plun'morum
1001 1091 1149 1158 sanitate.

159 1289 256 1356 ALIO
278 1289 393 1355 itidem
410 1291 443 1355 in
469 1299 627 1376 tempore,
642 1310 717 1355 cum
742 1288 886 1357 Sanctus
900 1290 934 1353 in
959 1289 1042 1354 Iona
1063 1297 1323 1354 commoraretur

157 1394 273 1474 insula,
288 1395 407 1459 sedens
422 1394 456 1460 in
473 1393 664 1474 monticulo,
678 1393 735 1478 qui
752 1393 873 1459 Latine
892 1393 1037 1458 Munitio
1053 1390 1180 1477 Magna
1195 1391 1323 1471 dicitur,

157 1498 248 1564 videt
274 1498 317 1564 ab
341 1498 496 1583 aquilone
520 1499 642 1563 nubem
669 1498 808 1563 densam
831 1506 865 1563 et
888 1498 1075 1583 pluvialem,
1097 1498 1139 1563 de
1163 1497 1244 1562 mari
1268 1497 1323 1562 die

158 1623 274 1668 serena
288 1603 463 1669 obortam:
485 1624 551 1689 qua
566 1605 765 1668 ascendente
781 1602 858 1682 visa,
875 1602 1018 1669 Sanctus
1039 1603 1082 1667 ad
1098 1603 1265 1686 quendam
1281 1602 1324 1666 de

159 1706 226 1772 suis
245 1707 345 1792 juxta
368 1728 404 1771 se
427 1706 626 1772 monachum
650 1707 831 1784 sedentem,
855 1706 989 1770 nomine
1011 1706 1196 1785 Siluanum,
1219 1704 1322 1770 filium

161 1809 387 1877 Nemani·don
404 1811 638 1896 Mocusogin¹z
659 1811 743 1875 Haec
756 1811 869 1890 nubes,
881 1811 936 1889 ait,
948 1808 1045 1875 valde
1060 1831 1168 1876 nocua
1182 1808 1325 1874 homini·

159 1915 221 1981 bus
247 1926 281 1980 et
306 1916 480 2000 pecoribus
500 1916 585 1995 erit;
606 1915 735 2000 hacque
757 1916 812 1981 die
834 1914 979 1980 velocius
997 1915 1204 1981 transvolans
1227 1934 1325 1997 super

158 2019 363 2104 aliquantam
391 2020 514 2087 Scotiae
540 2029 678 2104 partem,
699 2019 763 2085 hoc
785 2030 845 2099 est,
867 2019 984 2086 abillo
1007 2020 1112 2085 rivulo
1133 2020 1190 2104 qui
1205 2019 1326 2084 dicitur

160 2123 313 2189 Ailbine²
335 2144 440 2209 usque
461 2125 504 2190 ad
519 2125 655 2190 Vadum
679 2124 800 2203 Clied,³
824 2124 970 2210 pluviam
994 2145 1131 2208 vespere
1152 2122 1326 2190 distillabit
1390 2138 1393 2145 ’

160 2227 380 2306 morbiferam,
395 2248 470 2312 quae
485 2228 598 2312 gravia
613 2237 647 2293 et
661 2227 837 2312 purulenta
857 2228 1011 2294 humanis
1027 2229 1060 2292 in
1076 2229 1277 2312 corporibus,
1292 2237 1327 2292 et

160 2333 193 2397 in
209 2353 366 2417 pecorum
382 2331 546 2411 uberibus,
562 2331 652 2396 nasci
668 2331 766 2398 saciet
782 2332 892 2398 ulcera
907 2356 915 2413 ;
937 2334 1057 2417 quibus
1072 2332 1224 2398 homines
1240 2352 1325 2397 mor·

159 2435 229 2502 bidi
256 2445 291 2501 et
317 2436 470 2519 pecudes,
493 2435 550 2499 illa
575 2450 742 2500 venenosa
765 2438 975 2521 gravitudine
999 2457 1103 2521 usque
1118 2438 1161 2502 ad
1185 2447 1326 2501 mortem

163 2541 339 2618 molestati,
369 2539 574 2604 laborabunt
634 2539 702 2606 Sed
733 2560 794 2604 nos
823 2560 938 2604 eorum
976 2541 1120 2605 miserati
1154 2540 1328 2605 subvenire

162 2643 383 2728 languoribus,
400 2643 548 2707 Domino
573 2644 758 2724 miserante,
777 2645 944 2709 debemus
990 2645 1043 2709 Tu
1068 2665 1157 2728 ergo,
1182 2644 1328 2723 Silnane,

162 2768 249 2813 nunc
279 2768 409 2813 mecum
439 2749 644 2813 descendens
674 2750 717 2813 de
749 2759 872 2827 monte,
902 2749 1147 2833 navigationem
1178 2769 1328 2834 praepara

161 2853 303 2918 crastina
327 2853 390 2931 die,
405 2853 474 2917 vita
497 2853 619 2918 comite
641 2863 676 2918 et
699 2853 776 2919 Deo
798 2854 974 2932 volente,a
997 2873 1051 2918 me
1072 2874 1159 2937 pane
1181 2864 1328 2939 acceptu,

161 2957 226 3023 Dei
241 2957 396 3021 invocato
411 2957 545 3021 nomine
560 2956 744 3036 benedicto,
759 2976 827 3040 quo
849 2956 882 3021 in
905 2977 992 3041 aqua
1011 2958 1160 3036 intincto,
1175 2957 1328 3022 homines

161 3081 201 3126 ea
244 3060 421 3144 conspersi,
458 3069 492 3125 et
536 3079 665 3145 pecora,
708 3060 848 3125 celerem
894 3060 1134 3145 recuperabunt
1177 3061 1327 3127 salutem.

163 3162 254 3249 Quid
288 3168 479 3229 moramur?
537 3162 603 3228 Die
635 3165 788 3244 crastina,
817 3164 869 3228 hls
902 3185 977 3248 quae
1011 3165 1194 3232 necessaria
1226 3174 1329 3244 erant,

162 3270 259 3333 citius
274 3266 476 3352 praeparatis,
493 3264 658 3346 Siluanus,
669 3278 808 3352 accepto
823 3270 865 3332 de
881 3289 980 3333 manu
998 3268 1113 3335 Sancti
1128 3290 1214 3354 pane
1230 3270 1329 3334 bene-

162 3374 261 3452 dicto,
278 3373 309 3437 in
327 3391 409 3457 pace
431 3371 626 3455 enavigavit
673 3371 736 3438 Cui
759 3372 911 3452 Sanctus,
926 3393 997 3438 ase
1012 3374 1130 3439 eadem
1153 3373 1329 3458 emigranti

162 3478 254 3556 hora,
280 3478 375 3543 addit
400 3475 464 3541 hoc
488 3474 745 3542 consolatorium
768 3478 915 3556 verbum,
937 3478 1073 3544 dicens:
1103 3478 1252 3558 Confide,
1275 3477 1329 3556 fili,

162 3591 280 3648 ventos
309 3580 448 3646 habebis
477 3582 641 3645 secundos
666 3591 701 3646 et
729 3602 904 3667 prosperos
934 3583 988 3647 die
1019 3593 1195 3668 noctuque,
1225 3603 1330 3668 usque

162 3684 243 3749 dum
255 3683 298 3748 ad
312 3682 402 3748 illam
415 3684 587 3767 pervenias
598 3684 767 3768 regionem
780 3705 855 3769 quae
866 3684 987 3750 dicitur
996 3683 1069 3750 Ard
1083 3685 1324 3764 Ceannachte,⁴

162 3797 201 3854 ut
227 3788 461 3873 languentibus
487 3787 611 3854 ibidem
638 3786 775 3853 celerius
797 3808 873 3853 cum
896 3787 1019 3854 salubri
1038 3789 1213 3854 subvenias
1235 3807 1330 3873 pane.

165 3889 256 3976 Quid
279 3894 398 3977 plura?
443 3891 609 3970 Silnanus,
635 3891 736 3957 verbo
761 3892 938 3957 obsecutus
965 3892 1089 3971 Sancti,
1115 3912 1272 3976 prospera
1297 3900 1332 3956 et

164 3996 260 4063 celeri
288 3996 508 4080 navigatione,
533 3994 717 4062 auxiliante
744 3995 901 4076 Domino,
922 3997 965 4062 ad
990 4017 1090 4082 supra
1112 4006 1330 4061 memoratam

197 4261 208 4290 ¹
222 4247 512 4313 uemddomocmin.
526 4248 556 4300 B.
591 4248 709 4300 amaldo
719 4249 874 4316 mommo,
887 4249 957 4302 Coti.

198 4344 210 4372 ¹
222 4331 279 4381 The
289 4330 355 4381 river
367 4331 427 4381 riees
438 4331 464 4380 in
476 4330 519 4381 the
529 4338 622 4397 county
629 4332 658 4382 ol
667 4331 763 4383 Meath.
788 4330 826 4383 Its
836 4347 910 4384 neme
921 4333 942 4382 is
953 4347 1011 4382 now
1019 4331 1152 4398 corrupted
1162 4331 1217 4382 into
1228 4330 1328 4382 Delvin.

197 4414 275 4465 Μελ
291 4413 377 4474 (ἰωή,
392 4412 491 4464 Hurdle
503 4413 579 4475 Ford,
592 4414 635 4464 the
646 4413 745 4465 taciem
762 4428 836 4464 neme
852 4412 881 4464 ol
894 4412 1000 4474 Dublin,
1012 4413 1063 4464 end
1075 4412 1129 4464 that
1141 4413 1175 4479 by
1186 4412 1268 4466 vbieb
1278 4411 1332 4464 itis

164 4494 856 4632 niflknonuwnrpugthekirbopeeklngpopulatiou.
891 4495 1138 4560 Vadunebetbli.

199 4587 335 4643 *Μ
